=LDR  01562cam a2200301Ma 4500
=001  ocm28578907
=003  OCoLC
=005  20190201001719.2
=008  930726s197u\\\\ir\a\\\\\\\\\\000\0\ara\d
=040  \\$aPUL$beng$cPUL$dOCLCQ$dPUL$dOCLCQ$dOCLCF$dOCLCO$dOCLCQ$dOCL
=035  \\$a(OCoLC)28578907
=049  \\$aZYUU
=245  00$aḤadīth al-Imām al-Sayyid Sharīʻat madārī maʻa al-muftī al-ʻāmm lil-Jumhūrīyah al-ʻArabīyah al-Sūrīyah wa-wafd Rābiṭat al-ʻĀlam al-Islāmī.
=246  3\$aZiyārat al-muftī al-ʻāmm lil-diyār al-Shāmīyah wa-wafd Rābiṭat al-ʻĀlam al-Islāmī lil-Jāmiʻah al-ʻIlmīyah fī Qum al-muqaddasah
=260  \\$aQum, Īrān :$bal-Qism al-ʻArabī fī Dār al-Tablīgh al-Islāmī,$c[197-?]
=300  \\$a45 pages :$billustrations ;$c24 cm.
=336  \\$atext$btxt$2rdacontent
=337  \\$aunmediated$bn$2rdamedia
=338  \\$avolume$bnc$2rdacarrier
=490  1\$aFī ṭarīq al-waḥdah al-Islāmīyah ;$v3
=500  \\$aTitle from cover: Ziyārat al-muftī al-ʻāmm lil-diyār al-Shāmīyah wa-wafd Rābiṭat al-ʻĀlam al-Islāmī lil-Jāmiʻah al-ʻIlmīyah fī Qum al-muqaddasah.
=650  \0$aShīʻah$xRelations.
=650  \0$aPanislamism$vMiscellanea.
=650  \7$aInterfaith relations.$2fast$0(OCoLC)fst01353343
=650  \7$aPanislamism.$2fast$0(OCoLC)fst01052127
=650  \7$aShīʻah.$2fast$0(OCoLC)fst01117946
=655  \7$aTrivia and miscellanea.$2fast$0(OCoLC)fst01921748
=830  \0$aFī ṭarīq al-waḥdah al-Islāmīyah ;$v3.

