=LDR  01012cam a2200277Ma 4500
=001  ocm29707283
=003  OCoLC
=005  20150307072700.5
=008  940106s1867\\\\le\\\\\\\\\\\\000\0\ara\d
=040  \\$aPUL$beng$cPUL$dOCLCF$dOCLCQ$dOCLCO
=066  \\$c(3
=035  \\$a(OCoLC)29707283
=049  \\$aZYUU
=245  03$6880-01$aal-Qawānīn al-tijārīyah.
=260  \\$aBayrūt :$bal-Maṭbaʻahh al-Sharqīyah,$c1867.
=300  \\$a79 pages ;$c21 cm
=336  \\$atext$btxt$2rdacontent
=337  \\$aunmediated$bn$2rdamedia
=338  \\$avolume$bnc$2rdacarrier
=650  \0$aCommercial law.
=650  \0$aTrade regulation.
=650  \7$aCommercial law.$2fast$0(OCoLC)fst00869502
=650  \7$aTrade regulation.$2fast$0(OCoLC)fst01153817
=776  08$iOnline version:$tQawānīn al-tijārīyah.$dBayrūt : al-Maṭbaʻahh al-Sharqīyah, 1867$w(OCoLC)760944094
=880  02$6245-01/(3/r$aالقوانين التجارية.
=880  \\$6260-00/(3/r$aبيروت :$bالمطبعة الشرقية،$c١٨٦٧.

