=LDR  00991cam a2200265Ma 4500
=001  ocm35143559
=003  OCoLC
=005  20140607221059.0
=008  960718s18uu\\\\tu\\\\\\\\\\\\000\0\ara\d
=040  \\$aPUL$beng$cPUL$dOCL$dOCLCG$dOCLCA$dOCLCQ$dOCLCA$dOCLCQ$dOCLCO$dOCLCF
=035  \\$a(OCoLC)35143559
=049  \\$aZYUU
=100  1\$aAnṭākī, Ḥusayn ibn ʻAbd Allāh,$d-1717 or 1718.
=245  10$aḤusaynīyah.
=260  \\$a[Istanbul] :$b[publisher not identified],$c[1800]
=300  \\$a31, 8 pages ;$c23 cm
=336  \\$atext$btxt$2rdacontent
=337  \\$aunmediated$bn$2rdamedia
=338  \\$avolume$bnc$2rdacarrier
=500  \\$aCaption title.
=500  \\$aCommentary in the margins.
=650  \0$aDialectic$vEarly works to 1800.
=650  \7$aDialectic.$2fast$0(OCoLC)fst00892462
=655  \7$aEarly works.$2fast$0(OCoLC)fst01411636
=776  08$iOnline version:$aAnṭākī, Ḥusayn ibn ʻAbd Allāh, -1717 or 18.$tḤusaynīyah.$d[Istanbul : s.n., 1800]$w(OCoLC)656885182

