=LDR  01840cam a2200385Mi 4500
=001  ocm18402585
=003  OCoLC
=005  20190722014612.3
=008  880825s1968\\\\iq\\\\\\\\\\\\000\0\ara\d
=040  \\$aORZ$beng$cORZ$dOCL$dOCLCQ$dOCLCF$dOCLCQ$dOCLCO$dEUM
=066  \\$c(3$c(4
=019  \\$a1055979307$a1056787017$a1105343047
=035  \\$a(OCoLC)18402585$z(OCoLC)1055979307$z(OCoLC)1056787017$z(OCoLC)1105343047
=041  1\$aara$hfre
=043  \\$aa-iq---
=049  \\$aZYUU
=100  1\$6880-01$aVaucelles, Pierre de.
=240  10$aVie en Irak il y a un siècle, vue par nos consuls.$lArabic
=245  13$6880-02$aal-Ḥayāh fī al-ʻIrāq mundhu qarn, 1814-1914.$bTaʼlīf Piyīr Dī Vūsīl. Tarjamat Akram Fādil.
=260  \\$aBaghdād :$bMudīrīyat al-Thaqāfah al-ʻAmmah,$c1968.
=300  \\$a184 pages ;$c24 cm.
=336  \\$atext$btxt$2rdacontent
=337  \\$aunmediated$bn$2rdamedia
=338  \\$avolume$bnc$2rdacarrier
=490  1\$6880-03$aSilsilat al-kutub al-mutarjamah ;$v4
=500  \\$aTranslation of La vie en Irak il y a un siècle, vue par nos consuls.
=500  \\$aIn Arabic characters.
=651  \0$aIraq$xSocial life and customs.
=650  \7$aManners and customs.$2fast$0(OCoLC)fst01007815
=651  \7$aIraq.$2fast$0(OCoLC)fst01205757
=810  1\$aIraq.$bMudīrīyah al-Thaqáfah al-ʻĀmmah.$tSilsilat al-kutub al-mutarjamah ;$v4.
=880  1\$6100-01/(4/r$aڨوصيل، پيير دي.
=880  10$6245-02/(3/r$aالحياة في العراق منذ قرن، ١٨١٤-١٩١٤ /$cتأليف پيير دي ڨوصيل ؛ ترجمة أكرم فاضل.
=880  \\$6260-00/(3/r$aبغداد :$bوزارة الثقافة و الإعلام، مديرية الثقافة العامة،$c١٣٨٨ [١٩٦٨].
=880  1\$6490-03/(3/r$aسلسلة الكتب المترجمة ؛$v٤

