=LDR  00779cam a2200241K  4500
=001  ocm42847085
=003  OCoLC
=005  20141207081316.3
=008  991117s195u\\\\sy\a\\\\\\\\\\000\0\ara\d
=040  \\$aPUL$beng$cPUL$dOCLCQ$dOCLCF$dOCLCO$dOCL$dOCLCQ
=035  \\$a(OCoLC)42847085
=049  \\$aZYUU
=100  1\$aal-Ṣawwāf, Muṣṭafā Kāmil.
=245  10$aTaʼrīkh al-ḥayāh al-mūsīqīyah ...
=260  \\$a[Damascus]$bDār al-Yaqẓah$c[195-?]
=300  \\$a559 pages$billustrations$c25 cm
=336  \\$atext$btxt$2rdacontent
=337  \\$aunmediated$bn$2rdamedia
=338  \\$avolume$bnc$2rdacarrier
=546  \\$aIn Arabic.
=650  \0$aMusic$vBio-bibliography.
=650  \7$aMusic$2fast$0(OCoLC)fst01030269
=655  \7$aBio-bibliography.$2fast$0(OCoLC)fst01423685

