=LDR  01344cam a2200313Ma 4500
=001  ocm35143550
=003  OCoLC
=005  20160720191541.6
=008  960718s1901\\\\tu\\\\\\\\\\\\000\0\ara\d
=040  \\$aPUL$beng$cPUL$dOCL$dOCLCG$dOCLCA$dOCLCQ$dOCLCA$dOCLCQ$dOCLCO$dOCLCF$dOCLCO$dOCLCQ
=035  \\$a(OCoLC)35143550
=041  0\$aara$aota
=049  \\$aZYUU
=100  1\$aḤalabī, Ibrāhīm ibn Muḥammad,$d-1549 or 1550.
=240  10$aMultaqá al-abḥur
=245  10$aMültekayülebhur /$c[Ibrāhīm ibn Muḥammad ibn Ibrāhīm al-Ḥalabī].
=246  16$aMultaqá al-abḥur
=260  \\$aDersaadet [Istanbul] :$bAhmet Cevdet ve şürekâsı,$c1319 [1901 or 1902]
=300  \\$a4, 172 pages ;$c24 cm
=336  \\$atext$btxt$2rdacontent
=337  \\$aunmediated$bn$2rdamedia
=338  \\$avolume$bnc$2rdacarrier
=546  \\$aIn Arabic; title page in Ottoman Turkish.
=650  \0$aIslamic law$vEarly works to 1800.
=650  \0$aHanafites.
=650  \7$aHanafites.$2fast$0(OCoLC)fst00950818
=650  \7$aIslamic law.$2fast$0(OCoLC)fst00979949
=655  \7$aEarly works.$2fast$0(OCoLC)fst01411636
=776  08$iOnline version:$aḤalabī, Ibrāhīm ibn Muḥammad, -1549 or 50.$sMultaqá al-abḥur.$tMültekayülebhur.$dDersaadet [Istanbul] : Ahmet Cevdet ve şürekâsı, 1319 [1901 or 1902]$w(OCoLC)656993408

