=LDR  01840cam a2200361Ma 4500
=001  ocm29865985
=003  OCoLC
=005  20141023130143.1
=008  940131s1990\\\\ir\\\\\\\b\\\\000\0\ara\d
=040  \\$aPUL$beng$cPUL$dOCLCG$dLGG$dOCLCA$dUKMGB$dOCLCQ$dOCLCO$dOCLCA$dOCLCF$dOCLCQ
=016  7\$a012846345$2Uk
=035  \\$a(OCoLC)29865985
=050  \4$aBP193.1$b.I115 1991
=049  \\$aZYUU
=100  1\$aIbn Abī al-Dunyā, ʻAbd Allāh ibn Muḥammad,$d823-894.
=240  10$aMaqtal al-Imām Amīr al-Muʼminīn ʻAlī ibn Abī Ṭālib
=245  10$aKitāb Maqtal al-Imām Amīr al-Muʼminīn ʻAlī ibn Abī Ṭālib /$ctaʼlīf Abī Bakr ʻAbd Allāh ibn Muḥammad ibn ʻUbayd al-maʻrūf bi-Ibn Abī al-Dunyā ; taḥqīq Muḥammad Bāqir al-Maḥmūdī.
=246  3\$aMaqtal al-Imām Amīr al-Muʼminīn ʻAlī ibn Abī Ṭālib
=250  \\$aal-Ṭabʻah 1.
=260  \\$aṬihrān, Īrān :$bMuʼassasat al-Ṭabʻ wa-al-Nashr al-tābiʻah li-Wizārat al-Thaqāfah wa-al-Irshād al-Islāmī :$bMajmaʻ Iḥyāʼ al-Thaqāfah al-Islāmīyah,$c1990.
=300  \\$a123 pages ;$c24 cm.
=336  \\$atext$btxt$2rdacontent
=337  \\$aunmediated$bn$2rdamedia
=338  \\$avolume$bnc$2rdacarrier
=490  1\$aMin nafāʼis al-Thurāth al-Islāmī fī al-qarn al-thālith
=504  \\$aIncludes bibliographical references.
=600  00$aʻAlī ibn Abī Ṭālib,$cCaliph,$dapproximately 600-661$xAssassination.
=650  \0$aShiites.
=600  07$aʻAlī ibn Abī Ṭālib,$cCaliph,$dapproximately 600-661$2fast$0(OCoLC)fst01804105
=650  \7$aAssassination.$2fast$0(OCoLC)fst00818962
=650  \7$aShiites.$2fast$0(OCoLC)fst01115976
=700  1\$aMaḥmūdī, Muḥammad Bāqir.
=830  \0$aMin nafāʼis al-Thurāth al-Islāmī fī al-qarn al-thālith.

