=LDR  00841cam a2200253K  4500
=001  ocm29232530
=003  OCoLC
=005  20200912182217.4
=008  931101s1968\\\\iq\\\\\\\b\\\\000\0\arard
=040  \\$aCUY$beng$cCUY$dOCLCQ$dOCLCF$dOCLCQ$dOCLCO$dOCLCA$dOCL
=035  \\$a(OCoLC)29232530
=043  \\$af-ea---
=050  \4$aDT393.A12$bA7
=049  \\$aZYUU
=100  1\$aAsʻad, Rashīd Jabr.
=245  10$aThabt al-maṣādir al-ʻArabīyah ʻan al-Qaḍīyah al-Arītirīyah,$ctaʼlīf Rashīd Jabr al-Asʻad.
=260  \\$aBaghdād,$bMaṭbaʻat al-Azhar,$c1968.
=300  \\$a30 pages
=336  \\$atext$btxt$2rdacontent
=337  \\$aunmediated$bn$2rdamedia
=338  \\$avolume$bnc$2rdacarrier
=651  \0$aEritrea$vBibliography.
=651  \7$aEritrea.$2fast$0(OCoLC)fst01266183
=655  \7$aBibliographies.$2fast$0(OCoLC)fst01919895

