=LDR  01353cam a2200325Ma 4500
=001  ocm27401592
=003  OCoLC
=005  20150309235823.4
=008  840126s1981\\\\ir\\\\\\\b\\\f000\0\ara\d
=040  \\$aPUL$beng$cPUL$dOCL$dLGG$dOCLCQ$dOCLCF$dOCLCQ$dOCLCO
=066  \\$c(3
=035  \\$a(OCoLC)27401592
=050  \4$aBP166.94$b.B37 1981
=049  \\$aZYUU
=100  1\$6880-01$aBaqqāl, ʻAbd al-Ḥusayn Muḥammad ʻAlī.
=245  13$6880-02$aal-Imāmah ḥattā wilāyat al-faqīh /$cʻAbd al-Ḥusayn Muḥammad ʻAlī Baqqāl.
=250  \\$6880-03$aal-Ṭabʻah 1.
=260  \\$6880-04$aṬihrān :$bWizārat al-Irshād al-Islāmī,$c1402 [1981]
=300  \\$a90 pages ;$c22 cm
=336  \\$atext$btxt$2rdacontent
=337  \\$aunmediated$bn$2rdamedia
=338  \\$avolume$bnc$2rdacarrier
=504  \\$aIncludes bibliographical references.
=650  \0$aImamate$vEarly works to 1800.
=650  \7$aImamate.$2fast$0(OCoLC)fst00967643
=655  \7$aEarly works.$2fast$0(OCoLC)fst01411636
=880  0\$6100-01/(3/r$aعبد الحسين محمد علي بقال.
=880  13$6245-02/(3/r$aالامامة حتى ولاية الفقيه /$cعبد الحسين محمد علي بقال.
=880  \\$6250-03/(3/r$aالطبعة ١.
=880  \\$6260-04/(3/r$aطهران :$bوزارة الارشاد الاسلامي،$c١٤٠٢ [١٩٨١]

