=LDR  01460cam a2200301Ma 4500
=001  ocm29745520
=003  OCoLC
=005  20150307061849.1
=008  940112s1954\\\\sy\\\\\\\\\\\\000\0\ara\d
=040  \\$aPUL$beng$cPUL$dOCLCQ$dOCLCF$dOCLCQ$dOCLCO
=066  \\$c(3
=035  \\$a(OCoLC)29745520
=049  \\$aZYUU
=100  1\$aḤalabī, Muḥsin Muḥammad ʻAlī Āl Ṭāhir al-Mūsawī Āl Aḥmad.
=240  10$6880-01$aBayān fī al-ḥujjah wa-al-burhān
=245  10$6880-02$aKitāb al-bayān fī al-ḥujjah wa-al-burhān /$ctaʼlīf Muḥsin Muḥammad ʻAlī Āl Ṭāhir al-Mūsawī min Āl Aḥmad al-Ḥalabī.
=246  3\$aBayān fī al-ḥujjah wa-al-burhān
=260  \\$6880-03$aḤalab :$bal-Maṭbaʻah al-Sūrīyah,$c1374 [1954 or 1955]
=300  \\$a64 pages ;$c24 cm
=336  \\$atext$btxt$2rdacontent
=337  \\$aunmediated$bn$2rdamedia
=338  \\$avolume$bnc$2rdacarrier
=650  \0$aIslamic law.
=650  \7$aIslamic law.$2fast$0(OCoLC)fst00979949
=880  0\$6100-00/(3/r$aمحسن محمد علي آل الطاهر الموسوي.
=880  10$6240-01/(3/r$aبيان في الحجة والبرهان
=880  10$6245-02/(3/r$aكتاب البيان في الحجة والبرهان /$cتأليف محسن محمد علي آل طاهر الموسوي من آل السيد احمد الحلبي.
=880  \\$6260-03/(3/r$aحلب :$bالمطبعة السورية،$c١٣٧٤ [١٩٥٤ او ١٩٥٥].

