=LDR  01043cam a2200229Ma 4500
=001  ocm22320684
=003  OCoLC
=005  20140919180437.1
=008  870323s1922\\\\le\\\\\\\\\\\\000\0\ara\d
=040  \\$aPUL$beng$cPUL$dOCLCQ$dOCLCF$dOCLCO$dOCLCQ
=035  \\$a(OCoLC)22320684
=049  \\$aZYUU
=100  1\$aḤūrānī, Ṣāliḥ Ḥusayn.
=245  13$aal-Rudūd al-Azharīyah ʻalá al-ajwibah al-Ṭāhirīyah /$cli-nāshirihā Ṣāliḥ Ḥusayn al-Ḥūrānī.
=260  \\$aṢaydā :$bMaṭbaʻat al-ʻIrfān,$c1343 [1922 or 1923]
=300  \\$a30 pages ;$c20 cm
=336  \\$atext$btxt$2rdacontent
=337  \\$aunmediated$bn$2rdamedia
=338  \\$avolume$bnc$2rdacarrier
=650  \0$aIslamic law$xInterpretation and construction.
=650  \7$aIslamic law$xInterpretation and construction.$2fast$0(OCoLC)fst00979955
=776  08$iOnline version:$aḤūrānī, Ṣāliḥ Ḥusayn.$tRudūd al-Azharīyah ʻalá al-ajwibah al-Ṭāhirīyah.$dṢaydā : Maṭbaʻat al-ʻIrfān, 1343 [1922 or 1923]$w(OCoLC)657140643

