=LDR  01258cam a2200301I  4500
=001  ocm14270266
=003  OCoLC
=005  20150331022356.9
=008  860926s1969\\\\iq\\\\\\\b\\\\000\0\arao\
=010  \\$a   78232293 
=040  \\$aDLC$beng$cCUY$dOCLCF$dOCLCQ$dOCLCO
=035  \\$a(OCoLC)14270266
=050  04$aHD1415$b.D27
=049  \\$aZYUU
=100  1\$aDāhirī, ʻAbd al-Wahhāb Maṭar.
=245  10$aUsus wa-mabādiʼ al-iqtiṣād al-zirāʻī$c[taʼlīf] ʻAbd al-Wahhāb Maṭar al-Dāhirī.
=246  3\$aIqtiṣād al-zirāʻī
=250  \\$aal-Ṭabʻah 1.
=260  \\$aBaghdād,$bMaṭbaʻat al-ʻĀnī,$c1969.
=300  \\$a415 pages$c24 cm
=336  \\$atext$btxt$2rdacontent
=337  \\$aunmediated$bn$2rdamedia
=338  \\$avolume$bnc$2rdacarrier
=500  \\$aCover title: Principles of agricultural economics, by Abdul Wahab M. al-Dahiri.
=504  \\$aIncludes bibliographical references (pages 410-415).
=650  \0$aAgriculture$xEconomic aspects.
=650  \7$aAgriculture$xEconomic aspects.$2fast$0(OCoLC)fst00801415
=776  08$iOnline version:$aDāhirī, ʻAbd al-Wahhāb Maṭar.$tUsus wa-mabādiʼ al-iqtiṣād al-zirāʻī.$bal-Ṭabʻah 1.$dBaghdād, Maṭbaʻat al-ʻĀnī, 1969$w(OCoLC)609512485

