=LDR  01484cam a2200325Ma 4500
=001  ocm23700095
=003  OCoLC
=005  20180329115039.4
=008  881116m19609999ir\\\\\\\\\\\\000\0\ara\d
=040  \\$aPUL$beng$cPUL$dOCLCQ$dOCLCO$dN15$dOCLCF
=035  \\$a(OCoLC)23700095
=050  \4$aBP184.4$b.M8 1960
=049  \\$aZYUU
=100  1\$aMuḥaqqiq al-Ṭihrānī, Muḥammad Riḍā.
=245  10$aḤaqāʼiq al-fiqh fī sharḥ Sharāʼiʻ al-Islām /$ctaṣnīf Muḥammad Riḍā al-mushtahir bi-al-Muḥaqqiq al-Ṭihrānī.
=246  3\$aKitāb Ḥaqāʼiq al-fiqh fī sharḥ Sharāʼiʻ al-Islām
=260  \\$a[Iran] :$b[publisher not identified],$c1382 [1962 or 1963]-
=300  \\$avolumes ;$c24 cm
=336  \\$atext$btxt$2rdacontent
=337  \\$aunmediated$bn$2rdamedia
=338  \\$avolume$bnc$2rdacarrier
=500  \\$aSome vols. have title: Kitāb Ḥaqāʼiq al-fiqh fī sharāʼiʻ al-Islām.
=500  \\$aVols. 3- have imprint: Qum : al-Maṭbaʻah al-ʻIlmīyah.
=500  \\$aCover, v. 1, dated: 1382.
=500  \\$aVol. 21 includes a title page for vol. 11.
=600  10$aMuḥaqqiq al-Ḥillī, Jaʻfar ibn al-Ḥasan,$d1205 or 1206-1277.$tSharāʼiʻ al-Islām fī masāʼil al-ḥalāl wa-al-ḥarām.
=650  \0$aIslamic law$xInterpretation and construction.
=650  \0$aShīʻah.
=650  \7$aIslamic law$xInterpretation and construction.$2fast$0(OCoLC)fst00979955
=650  \7$aShīʻah.$2fast$0(OCoLC)fst01117946

