=LDR  01471cam a2200313Ma 4500
=001  ocm48119611
=003  OCoLC
=005  20160111155632.9
=008  901026s1920\\\\sy\\\\\\\\\\\\000\0\ara\d
=040  \\$aHLS$beng$cHLS$dOCLCG$dOCLCF$dOCLCO$dOCLCQ$dOCL
=019  \\$a29782130
=035  \\$a(OCoLC)48119611$z(OCoLC)29782130
=050  \4$aBP166.83$b.R147
=049  \\$aZYUU
=100  0\$aRaḥmat Allāh ibn Khalīl al-Raḥmān,$d1818-1891.
=245  10$aHādhihi Risālat musammāh bi-al-Tanbīhāt fī ithbāt al-iḥtiyāj ilá al-baʻthah wa-al-ḥashr /$cli-muʼallifuhā Raḥmat Allāh ibn Khalīl al-Raḥmān al-Hindī.
=246  30$aTanbīhāt fī ithbāt al-iḥtiyāj ilá al-baʻthah wa-al-ḥashr
=260  \\$aDimashq :$bMaṭbaʻat al-Muqathbas,$c[19--?]
=300  \\$a22 pages ;$c23 cm
=336  \\$atext$btxt$2rdacontent
=337  \\$aunmediated$bn$2rdamedia
=338  \\$avolume$bnc$2rdacarrier
=650  \0$aIslam$vApologetic works.
=650  \0$aResurrection (Islam)
=650  \7$aIslam.$2fast$0(OCoLC)fst00979776
=650  \7$aResurrection (Islam)$2fast$0(OCoLC)fst01096049
=655  \7$aApologetic writings.$2fast$0(OCoLC)fst01423698
=752  \\$aSyria$dDamascus.
=776  08$iOnline version:$aRaḥmat Allāh ibn Khalīl al-Raḥmān, 1818-1891.$tHādhihi Risālat musammāh bi-al-Tanbīhāt fī ithbāt al-iḥtiyāj ilá al-baʻthah wa-al-ḥashr.$dDimashq : Maṭbaʻat al-Muqathbas, [19--?]$w(OCoLC)657169627

