=LDR  01580cam a2200373Ia 4500
=001  ocm42915156
=003  OCoLC
=005  20160804230738.3
=008  991202s1954\\\\sy\a\\\\\\\\\\000\0\arard
=040  \\$aPUL$beng$cPUL$dOSU$dOCLCG$dOCLCF$dOCLCQ$dOCLCO$dOCL
=066  \\$c(3
=019  \\$a81122949
=035  \\$a(OCoLC)42915156$z(OCoLC)81122949
=043  \\$aa-sy---
=050  \4$aDS98$b.H33 1954
=049  \\$aZYUU
=100  1\$6880-01$aḤaffār, Luṭfī,$d1885-1968.
=245  10$6880-02$aDhikrayāt :$bmuntakhabāt min khuṭab wa-aḥādīth wa-maqālāt /$cli-Luṭfī Bak al-Ḥaffār ; ʻuniya bi-jamʻihā wa-nashrihā Wajīh Bayḍūn.
=260  \\$6880-03$aDimashq :$bMaṭābiʻ Ibn Zaydūn,$c1954.
=300  \\$a2 volumes :$billustrations ;$c24 cm
=336  \\$atext$btxt$2rdacontent
=337  \\$aunmediated$bn$2rdamedia
=338  \\$avolume$bnc$2rdacarrier
=546  \\$aIn Arabic.
=651  \0$aSyria$xHistory$y20th century.
=651  \0$aSyria$xPolitics and government.
=650  \7$aPolitics and government$2fast$0(OCoLC)fst01919741
=651  \7$aSyria.$2fast$0(OCoLC)fst01208757
=648  \7$a1900-1999$2fast
=655  \7$aHistory.$2fast$0(OCoLC)fst01411628
=880  1\$6100-01/(3/r$aحفار، لطفي،,$d1885-1968.
=880  10$6245-02/(3/r$aذكريات :$bمنتخبات من خطب وأحاديث ومقالات /$cللطفي بك الحفار ؛ عني بجمعها ونشرهل وجيه بيضون.
=880  \\$6260-03/(3/r$aدمشق :$bمطابع ابن زيدون،$c1954.
=880  1\$6700-00/(3/r$aبيضون، وجيه.

