=LDR  01083cam a2200277M  4500
=001  ocm79913097
=003  OCoLC
=005  20150512173504.3
=008  861008s1923\\\\ua\\\\\\\\\\\\000\0\arard
=010  \\$ane 68003535 
=040  \\$aPUL$beng$cPUL$dLGG$dOCLCF$dOCLCO$dOCLCQ
=035  \\$a(OCoLC)79913097
=050  04$aDS215$b.F37 (Orien Arab)
=049  \\$aZYUU
=245  00$aFatāwá kibār al-kuttāb wa-al-udabāʼ fī :$b1, Mustaqbal al-lughah al-ʻArabīyah ; 2, Nahḍat al-sharq al-ʻArabī wa-mawqifuhu izāʼa al-madanīyah al-gharbīyah.
=260  \\$aMiṣr,$bIdārat al-Hilāl,$c1923.
=300  \\$a159 pages$c20 cm
=336  \\$atext$btxt$2rdacontent
=337  \\$aunmediated$bn$2rdamedia
=338  \\$avolume$bnc$2rdacarrier
=650  \0$aArabic language.
=650  \0$aCivilization, Arab.
=650  \7$aArabic language.$2fast$0(OCoLC)fst00812287
=650  \7$aCivilization, Arab.$2fast$0(OCoLC)fst00862967
=710  2\$aHilal.
=776  08$iOnline version:$tFatāwá kibār al-kuttāb wa-al-udabāʼ fī.$dMiṣr, Idārat al-Hilāl, 1923$w(OCoLC)656504938

