=LDR  01217cam a2200289Ma 4500
=001  ocm22317230
=003  OCoLC
=005  20180820174732.3
=008  870821s1935\\\\le\\\\\\\b\\\\000\0\ara\d
=040  \\$aPUL$beng$cPUL$dOCLCQ$dOCLCF$dOCLCQ$dOCLCO$dN15$dOCLCA
=035  \\$a(OCoLC)22317230
=043  \\$aa-sy---
=050  \4$aHC497.S8$bH3 1935
=049  \\$aZYUU
=100  1\$aḤamādah, Saʻīd.
=245  13$aal-Niẓām al-naqdī wa-al-ṣarāfī fī Sūriyā /$ctaʼlīf Saʻīd Ḥamādah ; naqalahu ʻan al-Inkilīzīyah Shibl Dammūs.
=260  \\$a[Beirut] :$bal-Jāmiʻah al-Amirīkīyah fī Bayrūt,$c1935.
=300  \\$a325 pages ;$c24 cm
=336  \\$atext$btxt$2rdacontent
=337  \\$aunmediated$bn$2rdamedia
=338  \\$avolume$bnc$2rdacarrier
=504  \\$aIncludes bibliographical references (pages 317-324).
=650  \0$aMoney$zSyria$xHistory.
=650  \7$aMoney.$2fast$0(OCoLC)fst01025265
=651  \7$aSyria.$2fast$0(OCoLC)fst01208757
=655  \7$aHistory.$2fast$0(OCoLC)fst01411628
=776  08$iOnline version:$aḤamādah, Saʻīd.$tNiẓām al-naqdī wa-al-ṣarāfī fī Sūriyā.$d[Beirut] : al-Jāmiʻah al-Amirīkīyah fī Bayrūt, 1935$w(OCoLC)632301946

