=LDR  01301cam a2200289Ma 4500
=001  ocm25688384
=003  OCoLC
=005  20190202013824.9
=008  880504s1983\\\\ir\\\\\\\\\\\\000\0\ara\d
=040  \\$aPUL$beng$cPUL$dLGG$dOCLCF$dOCLCQ$dOCLCO$dPAU$dTORON
=066  \\$c(3
=035  \\$a(OCoLC)25688384
=050  \4$aBP182$b.M8812 1984
=049  \\$aZYUU
=100  1\$aMuṭahharī, Murtaz̤á.
=245  13$aal-Jihād wa-ḥālatuhu al-mashrūʻah fī al-Qurʼān /$cal-Muṭahharī.
=260  \\$6880-01$a[Tehran] :$bMunaẓẓamat al-Iʻlām al-Islāmī, Qism al-ʻAlāqāt al-Dawlīyah,$c1404 [1983 or 1984]
=300  \\$a47 pages ;$c22 cm
=336  \\$atext$btxt$2rdacontent
=337  \\$aunmediated$bn$2rdamedia
=338  \\$avolume$bnc$2rdacarrier
=650  \0$aJihad.
=650  \7$aJihad.$2fast$0(OCoLC)fst00983599
=880  10$6240-00$aجهاد و موارد مشروعيت آن در قرآن.$lعربي
=880  12$6245-00$aالجهاد :$bوحالاته المشروعة في القرآن /$cآية الله الشهيد المطهري ؛ [المترجم، ناظم شيرواني].
=880  \\$6260-01$a[تهران] :$bمنظمة الاعلام الاسلامي، قسم العلاقات الدولية،$c1404 [1983 أو 1984]
=880  1\$6700-00$aشيروانى، ناظم.

