=LDR  03201cam a2200493I  4500
=001  ocm43549463
=003  OCoLC
=005  20191219153956.7
=008  000301s1956\\\\ir\\\\\\\\\\\\000\0\arard
=040  \\$aIUL$beng$cIUL$dOCLCG$dIUL$dOCLCA$dOCLCQ$dOCLCF$dOCLCO$dCGU$dOCLCO$dCGU
=066  \\$c(3
=019  \\$a886724914
=035  \\$a(OCoLC)43549463$z(OCoLC)886724914
=050  \4$aBP194$b.F38 1956
=049  \\$aZYUU
=100  1\$6880-01$aFayḍ al-Kāshī, Muḥammad ibn Murtaḍá,$d1598 or 1599-1680 or 1681.
=240  10$6880-02$aWāfī
=245  10$6880-03$aKitāb al-Wāfī /$ctaʼlīf Muḥammad Muḥsin ibn al-Shāh Murtaḍá al-mushtahir bi-al-Fayḍ al-Kāshānī ; wa-ʻalayhi taʻlīqat Rafīʻ al-Dīn al-Nāʼīnī wa-mukhtarāt min taʻlīqat Murād ibn ʻAlaykhān al-Tafrīshī wa-taʻlīqat Sulṭān al-ʻUlamāʼ ; ʻuniya bi-al-taʻlīq wa-jamʻ al-ḥawāshī wa-taḥqīqihā wa-taṣḥīḥihā Abū al-Ḥasan al-madʻū bi-al-Shaʻrānī.
=264  \1$6880-04$aṬihrān :$bal-Maktabah al-Islāmīyah,$c1956.
=300  \\$a3 volumes
=336  \\$atext$btxt$2rdacontent
=337  \\$aunmediated$bn$2rdamedia
=338  \\$avolume$bnc$2rdacarrier
=500  \\$aForms part of the Islamic Lithographs Collection.$5ICU
=650  \0$aHadith (Shiites)$vEarly works to 1800.
=650  \0$6880-05$aShīʻah$vEarly works to 1800.
=650  \7$aHadith (Shiites)$2fast$0(OCoLC)fst00950138
=650  \7$aShīʻah.$2fast$0(OCoLC)fst01117946
=655  \7$aEarly works.$2fast$0(OCoLC)fst01411636
=700  1\$6880-06$aRafīʻā, Muḥammad ibn Ḥaydar,$d1588 or 1589-1670.
=700  1\$6880-07$aTafrīshī, Murād ibn ʻAlīkhān,$d1557 or 1558-1642.
=700  1\$6880-08$aSulṭān al-ʻUlamāʼ, Ḥusayn ibn Rafīʻ,$d-1654.
=700  1\$6880-09$aShaʻrānī, Abū al-Ḥasan.
=710  2\$aIslamic Lithographs Collection.$5ICU
=776  08$iOnline version:$aFayḍ al-Kāshī, Muḥammad ibn Murtaḍá, 1598 or 1599-1680 or 1681.$sWāfī.$tKitāb al-Wāfī.$dṬihrān : al-Maktabah al-Islāmīyah, 1956$w(OCoLC)1127311652
=880  1\$6100-01/(3/r$aفيض الكاشي، محمد بن مرتضى،,$d1598 or 1599-1680 or 1681.
=880  10$6240-02/(3/r$aوافي
=880  10$6245-03/(3/r$aكتاب الوافي /$cتأليف محمد محسن بن الشاه مرتضى المشتهر بالفيض الكاشاني ؛ وعليه تعليقة رفيع الدين النائيني ومخترات من تعليقة مراد بن عليخان التفريشي وتعليقة سلطان العلماء ؛ عني بالتعليق وجمع الحواشي وتحقيقها وتصحيحها ابو الحسن المدعوا بالشعراني.
=880  \1$6264-04/(3/r$aطهران :$bالمكتبة الاسلامية،$c1956.
=880  \4$6650-05/(3/r$aشيعة.
=880  1\$6700-06/(3/r$aرفيعا، محمد بن حيدر،,$d1588 or 1589-1670?
=880  1\$6700-07/(3/r$aتفريشي، مراد بن عليخان،,$d1557 or 1558-1642.
=880  1\$6700-08/(3/r$aسلطان العلماء، حسين بن رفيع،,$d-1654?
=880  1\$6700-09/(3/r$aشعراني، ابو الحسن.

