=LDR  00936cam a2200229Ma 4500
=001  ocm30963068
=003  OCoLC
=005  20180331121613.4
=008  940810m19839999ir\\\\\\\\\\\\000\0\ara\d
=040  \\$aPUL$beng$cPUL$dOCLCQ$dOCLCO$dOCLCA$dOCLCQ$dOCLCF
=035  \\$a(OCoLC)30963068
=049  \\$aZYUU
=100  1\$aJalīlī, Muṣṭafá.
=245  10$aNihāyat al-wuṣūl fī sharḥ Kifāyat al-uṣūl /$ctaʼlīf Muṣṭafá al-Jalīlī.
=260  \\$a[Qom] :$b[publisher not identified],$c1404- [1983 or 1984-]$e(Qum :$fMaṭbaʻat al-Khiyām)
=300  \\$avolumes ;$c25 cm
=336  \\$atext$btxt$2rdacontent
=337  \\$aunmediated$bn$2rdamedia
=338  \\$avolume$bnc$2rdacarrier
=600  10$aKhurāsānī, Muḥammad Kāẓim,$d1839 or 1840-1911.$tKifāyat al-uṣūl.
=650  \0$aIslamic law$xInterpretation and construction.
=650  \7$aIslamic law$xInterpretation and construction.$2fast$0(OCoLC)fst00979955

