=LDR  00623cam a2200217K  4500
=001  ocm43244152
=003  OCoLC
=005  20181102175058.1
=008  000110s1882\\\\ua\\\\\\\\\\\\000\0\ara\d
=040  \\$aPUL$beng$cPUL$dOCLCQ$dOCLCO$dOCLCA$dOCLCQ$dOCLCA
=035  \\$a(OCoLC)43244152
=049  \\$aZYUU
=130  0\$aQurʼan.
=245  13$aal-Muṣḥaf al-sharīf.
=260  \\$a[Būlāq],$c[1299 [1882?]]
=300  \\$a603 unnumbered pages$c30 cm
=336  \\$atext$btxt$2rdacontent
=337  \\$aunmediated$bn$2rdamedia
=338  \\$avolume$bnc$2rdacarrier
=500  \\$aBinder's title (transliterated).
=546  \\$aText in Arabic.

