=LDR  00617cam a2200205K  4500
=001  ocm42861435
=003  OCoLC
=005  20130812081749.0
=008  991119q19611962ir\\\\\\\\\\\\000\0\ara\d
=040  \\$aPUL$beng$cPUL$dOCLCQ
=035  \\$a(OCoLC)42861435
=049  \\$aZYUU
=100  1\$aTabrīzī, Jawād Āghā ibn Shafīʻ,$d-1925.
=245  13$aal-Muraqabāt "Aʻmāl al-Sunnah."
=260  \\$a[Tehran]$bChāpkhāneh-yi Ḥaydarī,$c1381 [1961 or 2]
=300  \\$a8, 300 pages$c24 cm
=336  \\$atext$btxt$2rdacontent
=337  \\$aunmediated$bn$2rdamedia
=338  \\$avolume$bnc$2rdacarrier
=546  \\$aIn Arabic.

