=LDR  00710cam a2200205K  4500
=001  ocm42861430
=003  OCoLC
=005  20150213045118.3
=008  991119s1941\\\\ua\a\\\\\\\\\\000\0\ara\d
=040  \\$aPUL$beng$cPUL$dOCLCQ$dOCLCO
=035  \\$a(OCoLC)42861430
=049  \\$aZYUU
=100  1\$aAbāẓah, Fuʼād.
=245  10$aKitāb ʻan al-maʻriḍ al-zirāʻī al-ṣināʻī al-khāmis ʻashar min 15 Fabrāyir sanat 1936 ilā 15 Abrīl sanat 1936.
=300  \\$a323 pages$billustrations$c24 cm
=336  \\$atext$btxt$2rdacontent
=337  \\$aunmediated$bn$2rdamedia
=338  \\$avolume$bnc$2rdacarrier
=546  \\$aIn Arabic.
=710  1\$aCairo (Egypt).$bMaʻriḍ al-Zirāʻī al-Ṣināʻī, 1936.

