=LDR  01689cam a2200349Ma 4500
=001  ocm34094840
=003  OCoLC
=005  20191018230424.7
=008  951215s1990\\\\ir\\\\\\\\\\\\000\0bara\d
=040  \\$aPUL$beng$cPUL$dOCL$dOCLCQ$dOCLCG$dOCLCA$dOCLCQ$dOCLCO$dOCLCA$dOCLCF$dOCLCO$dOCLCQ$dOCL
=066  \\$c(3
=035  \\$a(OCoLC)34094840
=050  14$aBP193.13.A3$bK377 1990
=049  \\$aZYUU
=100  1\$6880-01$aKattānī, Sulaymān.
=245  13$aal-Imām al-Ḥusayn fī ḥullat al-barfīr :$bdirāsah adabīyah taẓhīrīyah fī sīrat al-Imām al-Ḥusayn /$ctaʼlīf Sulaymān Kattānī.
=250  \\$6880-02$aal-Ṭabʻah 1.
=260  \\$6880-03$aQum, Īrān :$bDār al-Kitāb al-Islāmī,$c1990.
=300  \\$a176 pages ;$c25 cm
=336  \\$atext$btxt$2rdacontent
=337  \\$aunmediated$bn$2rdamedia
=338  \\$avolume$bnc$2rdacarrier
=500  \\$a"Al-Kitāb alladhī aḥraza al-jāʼizah al-ūlá fī musābaqah lil-taʼlīf ʻan al-Imām al-Ḥusayn, ʻalayhi al-salām."
=600  00$aḤusayn ibn ʻAlī,$d-680.
=650  \0$aImams (Shiites)$vBiography.
=600  07$aḤusayn ibn ʻAlī,$d-680$2fast$0(OCoLC)fst01825184
=650  \7$aImams (Shiites)$2fast$0(OCoLC)fst00967650
=655  \7$aBiographies.$2fast$0(OCoLC)fst01919896
=880  1\$6100-01/(3/r$aكتاني، سليمان.
=880  12$6245-00/(3/r$aالإمام الحسين في حلة البرفير :$bدراسة أدبية تظهيرية في سيرة الإمام الحسين /$cتأليف سليمان الكتاني.
=880  \\$6250-02/(3/r$aالطبعة 1.
=880  \\$6260-03/(3/r$aقم، ايران :$bدار الكتاب الإسلامي،$c1990.

