=LDR  00887cam a2200253Ma 4500
=001  ocm28930949
=003  OCoLC
=005  20150115190627.6
=008  930921s1950\\\\iq\\\\\\\\\\\\000\0\ara\d
=040  \\$aPUL$beng$cPUL$dOCLCQ$dOCLCO$dOCLCF
=035  \\$a(OCoLC)28930949
=049  \\$aZYUU
=100  1\$aShahrastānī, Hibat al-Dīn al-Ḥusaynī.
=245  13$aal-Muʻjizah al-khālidah /$cHibat al-Dīn al-Ḥusaynī al-Shahrastānī.
=260  \\$aBaghdād :$bMaṭbaʻat al-Najāḥ,$c1950.
=300  \\$a132 pages ;$c17 cm.
=336  \\$atext$btxt$2rdacontent
=337  \\$aunmediated$bn$2rdamedia
=338  \\$avolume$bnc$2rdacarrier
=490  1\$aḤadīth al-shahr ;$v8
=630  00$aQurʼan$xEvidences, authority, etc.
=630  07$aQurʼan.$2fast$0(OCoLC)fst01842877
=650  \7$aAuthority$xReligious aspects.$2fast$0(OCoLC)fst00821658
=830  \0$aḤadīth al-shahr ;$v8.

