=LDR  01483cam a22003497a 4500
=001  ocm51478126
=003  OCoLC
=005  20150119230233.9
=008  880418m19641965ir\\\\\\\b\\\\000\0\ara\\
=010  \\$a  2003543586
=040  \\$aDLC$beng$cDLC$dLGG$dOCLCF$dOCLCO$dOCLCQ
=066  \\$c(3
=029  1\$aAU@$b000024359556
=035  \\$a(OCoLC)51478126
=050  \4$aKCL$b.H87547 1964
=049  \\$aZYUU
=100  1\$6880-01$aḤusaynī al-Rūḥānī, Muḥammad Ṣādiq.
=245  13$6880-02$aal-Masāʼil al-mustaḥdathah /$ctaʼlīf Muḥammad Ṣādiq al-Ḥusaynī al-Rūḥānī.
=250  \\$6880-03$aal-Ṭabʻah 1.
=260  \\$6880-04$aQum :$bMuʼassasat Maṭbuʻātī Dār al-Fikr,$c1384-1385 [1964-1965]
=300  \\$a2 volumes ;$c25 cm
=336  \\$atext$btxt$2rdacontent
=337  \\$aunmediated$bn$2rdamedia
=338  \\$avolume$bnc$2rdacarrier
=546  \\$aIn Arabic.
=504  \\$aIncludes bibliographical references.
=650  \0$aIslamic law$xInterpretation and construction.
=650  \7$aIslamic law$xInterpretation and construction.$2fast$0(OCoLC)fst00979955
=880  1\$6100-01/(3/r$a‏حسيني الروحاني، محمد صادق.
=880  12$6245-02/(3/r$a‏المسائل المستحدث /‏$c‏تأليف محمد صادق الحسيني الروحاني.
=880  \\$6250-03/(3/r$a‏الطبعة 1.
=880  \\$6260-04/(3/r$a‏قم :‏$b‏مؤسسة مطبوعاتى دار الفكر،‏$d‏1385-1384 [1965-1964]

