=LDR  00779cam a2200217Ma 4500
=001  ocm26285973
=003  OCoLC
=005  20141007152454.3
=008  881117s1985\\\\ir\\\\\\\\\\\\000\0\ara\d
=040  \\$aPUL$beng$cPUL$dOCLCQ$dOCLCF$dOCLCO$dOCLCQ
=035  \\$a(OCoLC)26285973
=049  \\$aZYUU
=100  1\$aMurtaḍá, Muṣṭafá.
=245  10$aLubāb al-hidāyah wa-manār al-dirāyah /$cMuṣṭafá Murtaḍá.
=260  \\$aQum, Īrān :$b[publisher not identified],$c1406 [1985 or 1986]
=300  \\$a94 pages ;$c25 cm
=336  \\$atext$btxt$2rdacontent
=337  \\$aunmediated$bn$2rdamedia
=338  \\$avolume$bnc$2rdacarrier
=650  \0$aIslamic law$xInterpretation and construction.
=650  \7$aIslamic law$xInterpretation and construction.$2fast$0(OCoLC)fst00979955

