=LDR  00792cam a2200241K  4500
=001  ocm42862593
=003  OCoLC
=005  20150630172950.1
=008  991120s1964\\\\iq\a\\\\\\\\\\000\0\ara\d
=040  \\$aPUL$beng$cPUL$dOCLCQ$dOCLCF$dOCLCO$dOCLCQ$dOCL
=035  \\$a(OCoLC)42862593
=049  \\$aZYUU
=100  1\$aal-Jawharchī, Muḥammad Ṣāliḥ.
=245  10$aḌiyāʼ al-ṣāliḥīn ...
=260  \\$aal-Najaf,$bMaṭbaʻat al-Ādāb,$c1381 [1964/65]
=300  \\$a558 pages$billustrations$c18 cm
=336  \\$atext$btxt$2rdacontent
=337  \\$aunmediated$bn$2rdamedia
=338  \\$avolume$bnc$2rdacarrier
=546  \\$aIn Arabic.
=650  \0$aIslam$vPrayers and devotions.
=650  \7$aIslam.$2fast$0(OCoLC)fst00979776
=655  \7$aPrayers and devotions.$2fast$0(OCoLC)fst01423909

