=LDR  00607cam a2200193Mi 4500
=001  ocm33923914
=003  OCoLC
=005  20141115033401.7
=008  911219s1883\\\\sy\\\\\\\\\\\\000\0\ara\d
=040  \\$aHLS$beng$cHLS$dOCLCQ
=035  \\$a(OCoLC)33923914
=049  \\$aZYUU
=100  1\$aAbū Shaʻr, Dāwūd Afandī.
=245  10$aTuḥfat al-ikhwān fī ḥifẓi ṣiḥḥat al-abdān /$cDāwūd Afandī Abī Shaʻr.
=260  \\$aDimashq :$bD.A. Abī Shaʻr,$c1883.
=300  \\$a280 pages ;$c21 cm
=336  \\$atext$btxt$2rdacontent
=337  \\$aunmediated$bn$2rdamedia
=338  \\$avolume$bnc$2rdacarrier

