=LDR  00543cam a2200205K  4500
=001  ocm42906071
=003  OCoLC
=005  20141208013014.9
=008  991201s195u\\\\sy\\\\\\\\\\\\000\0\ara\d
=040  \\$aPUL$beng$cPUL$dOCLCQ
=035  \\$a(OCoLC)42906071
=049  \\$aZYUU
=100  1\$aGhādirī, Nihād.
=245  10$aAḥādīth.
=260  \\$aAleppo,$bMaṭbaʻat al-Ḍād$c[195-?]
=300  \\$a103 pages$c22 cm
=336  \\$atext$btxt$2rdacontent
=337  \\$aunmediated$bn$2rdamedia
=338  \\$avolume$bnc$2rdacarrier
=546  \\$aIn Arabic.

