=LDR  02347cam a2200373Mi 4500
=001  ocm33996065
=003  OCoLC
=005  20150130043507.5
=008  920415m19289999ua\\\\\\\\\\\\000\0\ara\d
=040  \\$aHLS$beng$cHLS$dOCLCQ$dOCLCG$dKCP$dOCLCO$dOCLCF$dOCLCQ$dOCL
=066  \\$c(3
=035  \\$a(OCoLC)33996065
=041  0\$aara$heng
=049  \\$aZYUU
=100  1\$aDarwin, Charles,$d1809-1882.
=240  10$aOrigin of species by means of natural selection ; or, The preservation of favored races in the struggle of life.$lArabic
=245  10$6880-01$aAṣl al-anwāʻ wa-nushūʼihā bi-al-intikhāb al-ṭabīʻī ; wa-ḥifẓ al-ṣufūf al-ghālibah fī al-tanāḥur ʻalá al-baqāʼ /$cShārlz Rūbirt Dārwīn ; naqalahu ilá al-ʻArabīyah Ismāʻīl Maẓhar.
=246  3\$aPreservation of favored races in the struggle for life
=246  3\$6880-02$aḤifẓ al-ṣufūf al-ghālibah fī al-tanāḥur ʻalá al-baqāʼ
=260  \\$6880-03$a[Cairo] :$bDār al-ʻAṣr lil-Ṭabʻ wa-al-Nashr,$c1928-
=300  \\$avolumes ;$c24 cm
=336  \\$atext$btxt$2rdacontent
=337  \\$aunmediated$bn$2rdamedia
=338  \\$avolume$bnc$2rdacarrier
=650  \0$aEvolution.
=650  \0$aNatural selection.
=650  \7$aEvolution.$2fast$0(OCoLC)fst00917265
=650  \7$aNatural selection.$2fast$0(OCoLC)fst01034520
=700  1\$6880-04$aMaẓhar, Ismāʻīl.
=776  08$iOnline version:$aDarwin, Charles, 1809-1882.$sOrigin of species by means of natural selection ; or, The preservation of favored races in the struggle of life. Arabic.$tAṣl al-anwāʻ wa-nushūʼihā bi-al-intikhāb al-ṭabīʻī ; wa-ḥifẓ al-ṣufūf al-ghālibah fī al-tanāḥur ʻalá al-baqāʼ.$d[Cairo] : Dār al-ʻAṣr lil-Ṭabʻ wa-al-Nashr, 1928-$w(OCoLC)656692334
=880  10$6245-01/(3/r$aاصل الانواع ونشونها بالانتخاب الطبيعي ؛ وحفظ الصفوف الغالبة في التناحر على البقاء /$cشارز روبرت داروين ؛ نقله الى العربية اسماعيل مظهر.
=880  3\$6246-02/(3/r$aحفظ الصفوف الغالبة في التناحر على البقاء
=880  \\$6260-03/(3/r$a[القاهرة] :$bدار العصر للطبع والنشر،$c-١٩٢٨.
=880  1\$6700-04/(3/r$aمظهر اسماعيل.

