=LDR  01693cam a2200337Ma 4500
=001  ocm28263867
=003  OCoLC
=005  20190812115351.5
=008  930604s198u\\\\ir\a\\\\\b\\\\001\0\ara\d
=040  \\$aPUL$beng$cPUL$dOCLCQ$dOCLCO$dOCLCF$dOCLCQ$dOCL
=035  \\$a(OCoLC)28263867
=049  \\$aZYUU
=100  1\$aSharaf al-Dīn, ʻAbd al-Ḥusayn.
=245  13$aal-Murājaʻāt :$babḥāth jadīdah fī uṣūl al-madhhab wa-al-imāmah al-ʻāmmah : wa-hiya rasāʼil mutabādalah bayna al-ustādh al-akbar al-Shaykh Salīm al-Bishrī Shaykh al-Jāmiʻ al-Azhar wa-bayna al-Imām Sharaf al-Dīn al-ʻĀmilī /$cʻAbd al-Ḥusayn Sharaf al-Dīn ; qaddama la-hu Ḥāmid Ḥifnī Dāwūd wa-Muḥammad Fikrī ʻUthmān Abū al-Naṣr ; taḥqīq Huṣayn al-Rāḍī.
=260  \\$aal-Jumhūrīyah al-Islāmīyah fī Īrān :$bal-Majmaʻ al-ʻĀlamī li-Ahl al-Bayt,$c[198-?]
=300  \\$a16, 471 pages :$billustrations ;$c22 cm
=336  \\$atext$btxt$2rdacontent
=337  \\$aunmediated$bn$2rdamedia
=338  \\$avolume$bnc$2rdacarrier
=504  \\$aIncludes bibliographical references and index.
=650  \0$aShīʻah.
=600  10$aSharaf al-Dīn, ʻAbd al-Ḥusayn$vCorrespondence.
=600  10$aBishrī, Salīm$vCorrespondence.
=650  \0$aShiites$vCorrespondence.
=600  17$aBishrī, Salīm.$2fast$0(OCoLC)fst00188216
=600  17$aSharaf al-Dīn, ʻAbd al-Ḥusayn.$2fast$0(OCoLC)fst00049929
=650  \7$aShīʻah.$2fast$0(OCoLC)fst01117946
=650  \7$aShiites.$2fast$0(OCoLC)fst01115976
=655  \7$aPersonal correspondence.$2fast$0(OCoLC)fst01919948
=700  1\$aRāḍī, Ḥusayn.
=700  1\$aBishrī, Salīm.

