=LDR  00598cam a2200205K  4500
=001  ocm42847054
=003  OCoLC
=005  20141207081152.2
=008  991117s1960\\\\sy\a\\\\\\\\\\000\0\ara\d
=040  \\$aPUL$beng$cPUL$dOCLCQ
=035  \\$a(OCoLC)42847054
=049  \\$aZYUU
=100  1\$aSubḥ, Ḥusnī,$d1900-
=245  10$aMūjaz mabādiʼ ʻilm al-amrāḍ ...
=260  \\$aDamascus,$bMaṭbaʻat Jāmiʻat Dimashq,$c1960.
=300  \\$a405 pages$billustrations$c25 cm
=336  \\$atext$btxt$2rdacontent
=337  \\$aunmediated$bn$2rdamedia
=338  \\$avolume$bnc$2rdacarrier
=546  \\$aIn Arabic.

