=LDR  00567cam a2200205K  4500
=001  ocm42939988
=003  OCoLC
=005  20141208075749.4
=008  991206s1955\\\\ua\a\\\\\\\\\\000\0\ara\d
=040  \\$aPUL$beng$cPUL$dOCLCQ$dOCLCG$dOCLCQ
=035  \\$a(OCoLC)42939988
=049  \\$aZYUU
=100  1\$aSidky, A. R.$q(Abdel Razzak)
=245  13$aal-Funūn al-rīfīyah.
=260  \\$a[Cairo],$c[1955?]
=300  \\$a40 pages$billustrations$c19 cm
=336  \\$atext$btxt$2rdacontent
=337  \\$aunmediated$bn$2rdamedia
=338  \\$avolume$bnc$2rdacarrier
=546  \\$aIn Arabic.

