=LDR  00633cam a2200205K  4500
=001  ocm42943900
=003  OCoLC
=005  20141208105138.1
=008  991207s1953\\\\sy\a\\\\\\\\\\000\0\ara\d
=040  \\$aPUL$beng$cPUL$dOCLCG$dOCLCQ
=035  \\$a(OCoLC)42943900
=049  \\$aZYUU
=100  1\$aMaṭarī, Muḥammad ibn Aḥmad,$d1272-1340.
=245  13$aal-Taʻrīf bi-mā ānasat al-hijrah min maʻālim dār al-hijrah.
=260  \\$a[Damascus],$c[1372 [1953]]
=300  \\$a85 pages$billustrations$c24 cm
=336  \\$atext$btxt$2rdacontent
=337  \\$aunmediated$bn$2rdamedia
=338  \\$avolume$bnc$2rdacarrier
=546  \\$aIn Arabic.

