=LDR  01153cam a2200277Ia 4500
=001  ocm39942650
=003  OCoLC
=005  20180525115748.3
=008  980927s1961\\\\iq\a\\\\\\\\\\000\0\araod
=040  \\$aCGU$beng$cCGU$dNYP$dOCLCQ$dOCLCA$dOCLCF$dOCLCQ$dBRL
=066  \\$c(3
=019  \\$a40563311$a41005545
=035  \\$a(OCoLC)39942650$z(OCoLC)40563311$z(OCoLC)41005545
=050  \4$aBL240.2$b.S52x
=049  \\$aZYUU
=100  1\$aShahrastānī, Hibat al-Dīn al-Ḥusaynī.
=245  13$6880-01$aal-Hayʼah wa-al-Islām /$cHibat al-Dīn al-Ḥusaynī al-Shahrastānī ; taqdīm wa-ishrāf al-sayyid Aḥmad al-Ḥusaynī.
=260  \\$a[al-Najaf] :$bDār al-Thaqāfah,$c[1961]
=300  \\$a399 pages :$billustrations ;$c25 cm
=336  \\$atext$btxt$2rdacontent
=337  \\$aunmediated$bn$2rdamedia
=338  \\$avolume$bnc$2rdacarrier
=650  \0$aIslam and science.
=650  \7$aIslam and science.$2fast$0(OCoLC)fst00979885
=700  1\$aḤusaynī, Aḥmad.
=880  12$6245-01/(3/r$aالهيئه والاسلام /$cهبة الدين الحسيني الشهرستاني ؛ تقديم واشراف السيد احمد الحسيني.

