=LDR  00842cam a2200229Ma 4500
=001  ocm25583321
=003  OCoLC
=005  20141002173914.6
=008  880630m19799999ir\a\\\\\\\\\\000\0\ara\d
=040  \\$aPUL$beng$cPUL$dOCLCQ
=035  \\$a(OCoLC)25583321
=041  1\$aara$hper
=049  \\$aZYUU
=100  1\$aImāmat, ʻAzīz Allāh.
=240  10$aKashkūl-i Imāmat.$lArabic
=245  10$aMajmaʻ al-fawāʼid wa-multaqá al-shawārid :$bfī ʻulūm al-awāʼil wa-al-awākhir /$ctaʼlīf ʻAzīz Allāh al-Ḥusaynī al-Kāshānī al-shahīr bi-Imāmat.
=260  \\$aQum :$bChāpkhānah-i ʻIlmīyah,$c1399- [1979-]
=300  \\$avolumes :$billustrations ;$c25 cm
=336  \\$atext$btxt$2rdacontent
=337  \\$aunmediated$bn$2rdamedia
=338  \\$avolume$bnc$2rdacarrier
=500  \\$aTranslation of: Kashkūl-i Imāmat.

