=LDR  01032cam a2200265Ma 4500
=001  ocm36420792
=003  OCoLC
=005  20141120220721.7
=008  970213m19779999ir\\\\\\\\\\\\000\0\ara\d
=040  \\$aPUL$beng$cPUL$dOCLCQ$dOCLCF$dOCLCO$dOCLCQ
=035  \\$a(OCoLC)36420792
=049  \\$aZYUU
=100  1\$aMūsawī al-Shīrāzī al-Najafī, ʻAbd allāh.
=245  10$aDhakhīrat al-ṣāliḥīn :$bqism al-muʻāmalāt /$ctaʼlīf ʻAbd Allāh al-Mūsawī al-Shīrāzī al-Najafī.
=250  \\$aal-Ṭabʻah 5.
=260  \\$aMashhad al-Muqaddasah, Īrān :$b[publisher not identified],$c1398- [1977 or 1978]-
=300  \\$avolumes ;$c23 cm
=336  \\$atext$btxt$2rdacontent
=337  \\$aunmediated$bn$2rdamedia
=338  \\$avolume$bnc$2rdacarrier
=500  \\$aVol. 2 lacks volume numbering.
=650  \0$aIslamic law$xInterpretation and construction.
=650  \0$aFatwas.
=650  \7$aFatwas.$2fast$0(OCoLC)fst00921976
=650  \7$aIslamic law$xInterpretation and construction.$2fast$0(OCoLC)fst00979955

