=LDR  01019cam a2200241Ia 4500
=001  ocm13920614
=003  OCoLC
=005  20150331052755.5
=008  860723s1947\\\\sy\\\\\\\\\\\\000\0\arard
=040  \\$aIUL$beng$cIUL$dOCLCQ$dOCLCF$dOCLCQ$dOCLCO
=035  \\$a(OCoLC)13920614
=050  \4$aBJ1291$b.N33 1947
=049  \\$aZYUU
=100  1\$aNaḥlāwī, Khalīl ibn ʻAbd al-Qādir.
=245  13$aal-Durar al-mubāḥah fī al-ḥaẓr wa-al-ibāḥah /$cjamʻ Khalīl ibn ʻAbd al-Qādir al-Shaybānī al-shahīr bi-al-Naḥlāwī.
=260  \\$aDimashq :$bMaṭbaʻat al-Iʻtidāl,$c1947.
=300  \\$a158 pages ;$c24 cm
=336  \\$atext$btxt$2rdacontent
=337  \\$aunmediated$bn$2rdamedia
=338  \\$avolume$bnc$2rdacarrier
=650  \0$aIslamic ethics.
=650  \7$aIslamic ethics.$2fast$0(OCoLC)fst00979936
=776  08$iOnline version:$aNaḥlāwī, Khalīl ibn ʻAbd al-Qādir.$tDurar al-mubāḥah fī al-ḥaẓr wa-al-ibāḥah.$dDimashq : Maṭbaʻat al-Iʻtidāl, 1947$w(OCoLC)891434127

