=LDR  01110cam a2200253Ma 4500
=001  ocm82167915
=003  OCoLC
=005  20161212114648.6
=008  860701s1934\\\\mr\\\\\\\\\\\\000\0\ara\d
=040  \\$aPUL$beng$cPUL$dOCLCG$dOCLCA$dOCLCF$dOCLCO$dOCLCQ
=035  \\$a(OCoLC)82167915
=049  \\$aZYUU
=100  1\$aBūʻaqīlī, al-Ḥasan bin Bū Jumʻah,$d-1949.
=240  10$aSūq al-asrār ilá ḥaḍrat al-shāhid al-sattār
=245  10$aKitāb sūq al-asrār ilá ḥaḍrat al-shāhid al-sattār /$ctaʼlīf al-Aḥsan bin Muḥammad bin Abī Jamāʻah al-Buʻaqīlī al-Sūsī ... al-Bayḍāwī.
=250  \\$aal-Ṭabʻah 1.
=260  \\$aal-Dār al-Bayḍāʼ :$bal-Maṭbaʻah al-ʻArabīyah,$c1353 [1934 or 1935]
=300  \\$a135 pages ;$c25 cm
=336  \\$atext$btxt$2rdacontent
=337  \\$aunmediated$bn$2rdamedia
=338  \\$avolume$bnc$2rdacarrier
=650  \0$aIslamic law$xInterpretation and construction.
=650  \7$aIslamic law$xInterpretation and construction.$2fast$0(OCoLC)fst00979955
=740  0\$aSūq al-asrār ilá ḥaḍrat al-shāhid al-sattār.

