=LDR  02092cam a2200361Ii 4500
=001  ocm28834645
=003  OCoLC
=005  20140813225835.9
=008  930916s1969\\\\iq\\\\\\\b\\\\000\0\ara\\
=010  \\$a   71255804 
=040  \\$aDLC$beng$cCUY$dCUY$dOSU$dOCLCQ$dOCLCG$dOCLCA$dOCLCQ$dOCLCF
=066  \\$c(3
=035  \\$a(OCoLC)28834645
=050  04$aBP80.H82$bA4
=049  \\$aZYUU
=100  1\$6880-01$aAmīnī, Muḥammad Hādī.
=245  10$6880-02$aBaṭal Fakhkh :$bal-Ḥusayn ibn ʻAlī ibn al-Ḥasan ibn al-Ḥasan ibn al-Ḥasan ibn ʻAlī ibn Abī Ṭālib, amīr Makkah wa-fātiḥuhā /$ctaʼlīf Muḥammad Hādī al-Amīnī.
=250  \\$6880-03$a[al-Ṭabʻah 1.].
=260  \\$6880-04$a[al-Najaf] :$b[al-Maṭbaʻah al-Ḥaydarīyah] :$b[Distributor in Iraq- al-Muthanna Library],$c[1969]
=300  \\$a206 pages ;$c25 cm
=336  \\$atext$btxt$2rdacontent
=337  \\$aunmediated$bn$2rdamedia
=338  \\$avolume$bnc$2rdacarrier
=500  \\$aCover title: The brave of Fekh, al-Hosain ben Ali ben Hasan ben Hasan ben Hasan ben Ali ben Abi Talib, by M.H. Ameni.
=504  \\$aIncludes bibliographical references (pages 187-193).
=600  10$6880-05$aṬālibī, al-Ḥusayn ibn ʻAlī,$d-785 or 786.
=600  17$aṬālibī, al-Ḥusayn ibn ʻAlī,$d-785 or 786.$2fast$0(OCoLC)fst01850121
=776  08$iOnline version:$aAmīnī, Muḥammad Hādī.$tBaṭal Fakhkh.$b[al-Ṭabʻah 1.].$d[al-Najaf : al-Maṭbaʻah al-Ḥaydarīyah : Distributor in Iraq- al-Muthanna Library, 1969]$w(OCoLC)703524450
=880  1\$6100-01/(3/r$aأميني، محمد هادي.
=880  10$6245-02/(3/r$aبطل فخ :$bالحسين بن علي بن الحسن بن الحسن بن الحسن بن علي بن أبي طالب، أمير مكة وفاتحها /$cتأليف محمد هادي الأميني.
=880  \\$6250-03/(3/r$a[الطبعة 1.].
=880  \\$6260-04/(3/r$a[النجف :$bالمطبعة الحيدرية :$bDistributor in Iraq- al-Muthanna Library,$c1969]
=880  04$6600-05/(3/r$aحسين بن علي، صاحب فخ،,$d-786.

