=LDR  00848cam a2200229Ma 4500
=001  ocm78357367
=003  OCoLC
=005  20161220185956.9
=008  880727m19629999ir\\\\\\\\\\\\000\0\ara\d
=040  \\$aPUL$beng$cPUL$dOCLCF$dOCLCO$dOCLCQ
=035  \\$a(OCoLC)78357367
=049  \\$aZYUU
=100  1\$aMahdī, Muḥammad.
=245  10$aBayān al-aʼimmah lil-waqāyiʻ al-gharībah wa-al-asrār al-ʻajībah :$bwa-huwa kitāb ʻilmī tārīkhī ... /$ctaʼlīf wa-taḥqīq Muḥammad Mahdī.
=260  \\$a[Iran] :$b[publisher not identified],$c[1383- [1962]-]
=300  \\$avolumes ;$c25 cm
=336  \\$atext$btxt$2rdacontent
=337  \\$aunmediated$bn$2rdamedia
=338  \\$avolume$bnc$2rdacarrier
=500  \\$aTitle page partially vocalized.
=650  \0$aShīʻah$xDoctrines.
=650  \7$aShīʻah$xDoctrines.$2fast$0(OCoLC)fst01117948

