=LDR  01103cam a2200253Ma 4500
=001  ocm25461115
=003  OCoLC
=005  20141004001741.5
=008  880502s1983\\\\ir\\\\\\\b\\\\000\0\ara\d
=040  \\$aPUL$beng$cPUL$dOCLCQ$dOCLCF$dOCLCO$dOCLCQ
=035  \\$a(OCoLC)25461115
=049  \\$aZYUU
=100  1\$aMarūjī al-Qazwīnī, ʻAlī.
=245  13$aal-Durar wa-al-laʼālī fī furūʻ al-alam al-ijmālī :$btaqrīr abḥāth samāḥat sayyidinā al-ustādh Āyat Allāh al-ʻUẓmá al-ḥājj al-Sayyid Taqī al-Ṭabāṭabāʼī al-Qummī /$cʻAlī al-Marūjī al-Qazwīnī.
=250  \\$aal-Ṭabʻah 1.
=260  \\$a[Iran] :$bA. al-Marūjī al-Qazwīnī,$c1362 [1983]
=300  \\$a198 pages ;$c24 cm
=336  \\$atext$btxt$2rdacontent
=337  \\$aunmediated$bn$2rdamedia
=338  \\$avolume$bnc$2rdacarrier
=504  \\$aIncludes bibliographical references.
=650  \0$aIslamic law$xInterpretation and construction.
=650  \7$aIslamic law$xInterpretation and construction.$2fast$0(OCoLC)fst00979955
=700  1\$aṬabāṭabāʼī al-Qummī, Taqī.

