=LDR  01370cam a2200325Ma 4500
=001  ocm25345398
=003  OCoLC
=005  20180821070925.9
=008  890228s1983\\\\ir\\\\\\\\\\\\000\0\ara\d
=040  \\$aPUL$beng$cPUL$dOCLCQ$dOCLCF$dOCLCQ$dPAU
=066  \\$c(3
=035  \\$a(OCoLC)25345398
=050  \4$aBP166.93$b.A25 1984
=049  \\$aZYUU
=100  1\$6880-01$aʻĀbidī al-Khurāsānī, Faḍl.
=245  10$6880-02$aQāṭiʻ al-bayān fī al-āyāt al-muʼawwilah bi-Ṣāḥib al-Zamān (ʻaj) /$cli-muʼallifihi Faḍl al-ʻĀbidī al-Khurāsānī.
=250  \\$6880-03$aal-Ṭabʻah 1.
=260  \\$6880-04$a[Iran] :$bDār al-Murtaḍá,$c[1984?]
=300  \\$a452 pages ;$c25 cm
=336  \\$atext$btxt$2rdacontent
=337  \\$aunmediated$bn$2rdamedia
=338  \\$avolume$bnc$2rdacarrier
=650  \0$aMahdi.
=650  \0$aShīʻah$xDoctrines.
=650  \7$aMahdi.$2fast$0(OCoLC)fst01005989
=650  \7$aShīʻah$xDoctrines.$2fast$0(OCoLC)fst01117948
=880  1\$6100-01/(3/r$a‏عابدي الخراساني، فضل.
=880  10$6245-02/(3/r$a‏قاطع البيان في الآيات الموؤلة بصاحب الزمان (عج) /‏$c‏لفضل ... العابدي الخراساني.
=880  \\$6250-03/(3/r$a‏الطبعة 1.
=880  \\$6260-04/(3/r$a‏[ايران] :‏$b‏دار المرتضى،‏$c‏[1984؟]

