=LDR  00766cam a2200229Ma 4500
=001  ocm23699703
=003  OCoLC
=005  20140603181939.6
=008  880128m19789999ir\\\\\\\\\\\\000\0\ara\d
=040  \\$aPUL$beng$cPUL$dOCLCQ$dOCLCA$dOCLCF
=035  \\$a(OCoLC)23699703
=049  \\$aZYUU
=100  1\$aMashkīnī, ʻAlī.
=245  13$aal-Tafsīr al-mabsūṭ /$clil-faḍīl ʻAlī al-Mishkīnī al-Ardabīlī.
=260  \\$aQum :$bal-Maṭbaʻah al-ʻIlmīyah,$c1399- [1978 or 1979-]
=300  \\$avolumes ;$c25 cm
=336  \\$atext$btxt$2rdacontent
=337  \\$aunmediated$bn$2rdamedia
=338  \\$avolume$bnc$2rdacarrier
=630  00$aQurʼan$vCommentaries.
=630  07$aQurʼan.$2fast$0(OCoLC)fst01842877
=655  \7$aCommentaries.$2fast$0(OCoLC)fst01423723

