=LDR  00658cam a2200205K  4500
=001  ocm42915415
=003  OCoLC
=005  20130905004454.6
=008  991202s1948\\\\iq\\\\\\\\\\\\000\0\ara\d
=040  \\$aPUL$beng$cPUL$dOCLCQ
=035  \\$a(OCoLC)42915415
=049  \\$aZYUU
=100  1\$aal-Baḥrānī, Ḥusayn ibn Muḥammad,$d-1801 or 1802.
=245  13$aal-Fawādiḥ al-Ḥusaynīyah wa-al-qawādiḥ al-baynīyah ...
=260  \\$aal-Najaf,$bal-Maṭ-baʻah al-Ḥaydarīyah$c[1368 [1948 or 9]]
=300  \\$a352 pages$c24 cm
=336  \\$atext$btxt$2rdacontent
=337  \\$aunmediated$bn$2rdamedia
=338  \\$avolume$bnc$2rdacarrier
=546  \\$aIn Arabic.

