=LDR  01338cam a2200301Ma 4500
=001  ocm26452963
=003  OCoLC
=005  20141007120309.7
=008  881117s1985\\\\ir\\\\\\\b\\\\000\0\ara\d
=040  \\$aPUL$beng$cPUL$dOCL$dOCLCG$dOCLCQ$dOCLCA$dOCLCF$dOCLCO$dOCLCQ
=035  \\$a(OCoLC)26452963
=049  \\$aZYUU
=100  1\$aDāmād, Muḥammad Bāqir ibn Muḥammad,$d-1631?
=245  10$aSharḥ al-Ṣaḥīfah al-kāmilah al-sajjādīyah /$ctaʼlīf Muḥammad Bāqir al-mushtahir bi-al-Dāmād ; taḥqīq Mahdī al-Rajāʼī ; bi-ihtimām Maḥmūd al-Mīr Dāmādī.
=260  \\$aIṣfahān :$bMahdīyat al-Mīr Dāmād,$c1406 [1985 or 1986]
=300  \\$a454 pages ;$c25 cm.
=336  \\$atext$btxt$2rdacontent
=337  \\$aunmediated$bn$2rdamedia
=338  \\$avolume$bnc$2rdacarrier
=490  1\$aMahdīyat al-Mīr Dāmād Iṣfahān ;$v1
=504  \\$aIncludes bibliographical references.
=630  00$aṢaḥīfah al-kāmilah.
=650  \0$aShīʻah$xCustoms and practices$vEarly works to 1800.
=630  07$aṢaḥīfah al-kāmilah.$2fast$0(OCoLC)fst01376375
=650  \7$aShīʻah$xCustoms and practices.$2fast$0(OCoLC)fst01117947
=655  \7$aEarly works.$2fast$0(OCoLC)fst01411636
=700  1\$aRajāʼī, Mahdī.
=830  \0$aMahdīyat al-Mīr Dāmād Iṣfahān ;$v1.

