=LDR  01279cam a2200337K  4500
=001  ocm42946258
=003  OCoLC
=005  20141207175632.8
=008  991207s1924\\\\ua\a\\\\\\\\\\000\0\ara\d
=040  \\$aPUL$beng$cPUL$dOCLCQ$dOCLCG$dPUL$dOCLCA$dOCLCF$dOCLCQ
=066  \\$c(3
=035  \\$a(OCoLC)42946258
=043  \\$aa-ba---$aa-iq---
=050  \4$aDS247.B27$bN23 1924
=049  \\$aZYUU
=100  1\$6880-01$aNabhānī, Muḥammad ibn Khalīfah,$d-1950.
=245  13$6880-02$aal-Tuḥfah al-nabhānīyah fi taʹrīkh al-jazīrah al-ʻarabīyah ...
=260  \\$6880-03$a[Cairo]$c1342 [1924?]
=300  \\$a262 pages :$billustrations$c21 cmm
=336  \\$atext$btxt$2rdacontent
=337  \\$aunmediated$bn$2rdamedia
=338  \\$avolume$bnc$2rdacarrier
=546  \\$aTitle-page and text in Arabic.
=651  \0$aBahrain$xHistory.
=651  \0$aBaṣrah (Iraq)$xHistory.
=651  \7$aBahrain.$2fast$0(OCoLC)fst01206601
=651  \7$aIraq$zBaṣrah.$2fast$0(OCoLC)fst01210191
=655  \7$aHistory.$2fast$0(OCoLC)fst01411628
=880  1\$6100-01/(3/r$aنبهاني، محمد بن خليفة،,$d-1950.
=880  12$6245-02/(3/r$aالتحفة النبهانية ف تريخ الجزيرة العربية ...
=880  \\$6260-03/(3/r$a[القاهرة]$c1342 [1924؟]

