=LDR  01151cam a2200289Ma 4500
=001  ocm28143899
=003  OCoLC
=005  20190227013911.1
=008  860625s1964\\\\iq\\\\\\\\\\\f000\0\ara\d
=040  \\$aPUL$beng$cPUL$dOCLCQ$dOCLCF$dOCLCO$dOCLCQ$dEZ9
=066  \\$c(3
=035  \\$a(OCoLC)28143899
=043  \\$aa-iq---
=049  \\$aZYUU
=110  1\$aIraq.
=245  10$6880-01$aMajmūʻat al-tashrīʻāt al-khāṣṣah bi-al-shuʼūn al-ṣināʻīyah /$ciʻdād ʻAbd al-Qādir ʻAbd al-Laṭīf, ʻAlāʼ al-Dīn al-Lāmiʻ.
=260  \\$aBaghdād :$bal-Jumhūrīyah al-ʻIrāqīyah, Wizārat al-Ṣināʻah,$c1964.
=300  \\$a234 pages ;$c24 cm
=336  \\$atext$btxt$2rdacontent
=337  \\$aunmediated$bn$2rdamedia
=338  \\$avolume$bnc$2rdacarrier
=650  \0$aIndustrial laws and legislation$zIraq.
=650  \7$aIndustrial laws and legislation.$2fast$0(OCoLC)fst00971186
=651  \7$aIraq.$2fast$0(OCoLC)fst01205757
=700  1\$aʻAbd al-Laṭīf, ʻAbd al-Qādir.
=700  1\$aLāmiʻ, ʻAlāʼ al-Dīn.
=880  10$6245-01$aمجموعة التشريعات الخاصة بالشؤون الصناعية.

