=LDR  02226cam a2200445Ia 4500
=001  ocn805735281
=003  OCoLC
=005  20151020151002.6
=008  120810m18669999sy\\\\\\\\\\\\000\0\ara\d
=040  \\$aPUL$beng$cPUL$dOCLCF$dOCLCQ
=066  \\$c(3
=035  \\$a(OCoLC)805735281
=041  1\$aara$hspa
=050  \4$aBX2186$bP812
=049  \\$aZYUU
=100  1\$aPuente, Luis de la,$d1554-1624.
=240  10$aCompendio de las meditaciones del padre Luis de la Puente de la compañía de Jesús.$lArabic
=245  10$6880-01$aKitāb Taʼammulāt al-Anbā Luwīs al-Yasūʻī al-mulaqqab bi-al-Jasarī :$bwa-huwa thulthat ajzāʼ /$cistakhrajahu ilá al-lughah al-ʻArabīyah al-Bādirah Buṭrus Farmāj.
=246  30$6880-02$aTaʼammulāt al-Anbā Luwīs al-Yasūʻī al-mulaqqab bi-al-Jasarī
=260  \\$6880-03$aḤalab :$b[publisher not identified],$c1866-
=300  \\$avolumes ;$c28 cm
=336  \\$atext$btxt$2rdacontent
=337  \\$aunmediated$bn$2rdamedia
=338  \\$avolume$bnc$2rdacarrier
=505  10$6880-04$gal-Juzʼ 1.$tFī al-ṣalawah al-ʻaqlīyah wa fī Allāh subḥānuh wa fī ṣifātihi al-iqnūmīyah.
=650  \0$aMeditations.
=650  \0$aGod$xAttributes.
=650  \0$aChristian life.
=610  20$aCatholic Church$xDoctrines.
=610  27$aCatholic Church.$2fast$0(OCoLC)fst00531720
=650  \7$aChristian life.$2fast$0(OCoLC)fst00859185
=650  \7$aGod$xAttributes.$2fast$0(OCoLC)fst00944039
=650  \7$aMeditations.$2fast$0(OCoLC)fst01015445
=650  \7$aTheology, Doctrinal.$2fast$0(OCoLC)fst01149617
=700  1\$6880-05$aFarmāj, Buṭrus.
=880  10$6245-01/(3/r$aكتاب تأملات الانبا لويس اليسوعي الملقب بالجسري :$bوهو ثلثة اجزاء /$cاستخرجه الى اللغة العربية البادرة بطرس فرماج.
=880  30$6246-02/(3/r$aتأملات الانبا لويس اليسوعي الملقب بالجسري
=880  \\$6260-03/(3/r$aحلب :$b[د. ن.]،$c1866-
=880  10$6505-04/(3/r$gالجزء 1.$tفي الصلوة العقلية و في الله سبحانه و في صفاته الاقنومية.
=880  1\$6700-05/(3/r$aفرماج، بطرس.

