=LDR  02284cam a2200445Ma 4500
=001  ocm31707162
=003  OCoLC
=005  20191018064618.1
=008  941206s1990\\\\ir\\\\\\\b\\\\001\0dara\d
=040  \\$aPUL$beng$cPUL$dOCL$dOCLCG$dYUS$dOCLCA$dOCLCQ$dOCLCO$dOCLCA$dOCLCQ$dOCLCF$dOCLCO$dOCLCA$dOCL
=066  \\$c(3
=035  \\$a(OCoLC)31707162
=050  14$aBP193$b.S44 1990
=049  \\$aZYUU
=100  1\$aShāh ʻAbd al-ʻAẓīmī, Muḥammad ʻAlī ibn Muḥammad,$d1842-1916.
=245  13$6880-01$aal-Īqād fī wafayāt al-Nabī wa-al-Zahrāʼ wa-al-Aʼimmah ajmaʻīn, wa-tafṣīl waqʻat al-Ṭaff tamāman /$ctaʼlīf Muḥammad ʻAlī al-Shāh ʻAbd al-ʻAẓīmī ; taḥqīq Muḥammad Jawād al-Raḍawī al-Kashmīrī.
=250  \\$6880-02$aal-Ṭabʻah 1.
=260  \\$6880-03$aQum :$bManshūrāt al-Fīrūzābādī,$c1411 [1990]
=300  \\$a352 pages ;$c25 cm
=336  \\$atext$btxt$2rdacontent
=337  \\$aunmediated$bn$2rdamedia
=338  \\$avolume$bnc$2rdacarrier
=500  \\$aErrata slip inserted.
=504  \\$aIncludes bibliographical references (pages 347-350)-and indexes.
=650  \0$aImams (Shiites)$vBiography.
=600  00$aMuḥammad,$cProphet,$d-632.
=600  00$aFāṭimah,$d-632 or 633.
=650  \0$aIslam$xHistory.
=600  07$aFāṭimah,$d-632 or 633.$2fast$0(OCoLC)fst01818087
=600  07$aMuḥammad,$cProphet,$d-632.$2fast$0(OCoLC)fst01836298
=650  \7$aImams (Shiites)$2fast$0(OCoLC)fst00967650
=650  \7$aIslam.$2fast$0(OCoLC)fst00979776
=655  \7$aBiographies.$2fast$0(OCoLC)fst01919896
=655  \7$aHistory.$2fast$0(OCoLC)fst01411628
=700  1\$aRaḍawī al-Kashmīrī, Muḥammad Jawād.
=880  1\$6100-00/(3/r$aشاه عبد العظيمي، محمد علي.
=880  12$6245-01/(3/r$aالايقاد في وفيات النبي والزهراء والائمة اجمعين، وتفصيل وقعة الطف تماما ً/$cتأايف محمد علي الشاه عبد العظيمي ؛ تحقيق محمد جواد الرضوي الكشميري.
=880  \\$6250-02/(3/r$aالطبعة 1.
=880  \\$6260-03/(3/r$aقم :$bمنشورات الفيروزآبادي،$c1411 [1990]
=880  1\$6700-00/(3/r$aكشميري، محمد جواد الرضوي.

