=LDR  01008cam a2200289K  4500
=001  ocm42914898
=003  OCoLC
=005  20140406092656.6
=008  991201s197u\\\\ir\\\\\\\b\\\\000\0\ara\d
=040  \\$aPUL$beng$cPUL$dOCLCG$dOCLCQ$dHLS$dOCLCA$dOCLCQ$dOCLCO$dOCLCF
=019  \\$a234665320
=035  \\$a(OCoLC)42914898$z(OCoLC)234665320
=050  \4$aBP194$b.S49x 1970z
=049  \\$aZYUU
=100  1\$aShubbar, ʻAbd Allāh ibn Muḥammad Riḍā,$d1774 or 1775-1826 or 1827.
=245  10$aḤaqq al-yaqīn fī maʻrifat uṣūl al-dīn.
=260  \\$aTihrān,$bKānūn-i Intishārāt-i ʻĀbidī$c[197-?]
=300  \\$a2 volumes in 1.$c25 cm
=336  \\$atext$btxt$2rdacontent
=337  \\$aunmediated$bn$2rdamedia
=338  \\$avolume$bnc$2rdacarrier
=546  \\$aIn Arabic.
=504  \\$aIncludes bibliographical references.
=650  \0$aShiites.
=650  \0$aIslamic eschatology.
=650  \7$aIslamic eschatology.$2fast$0(OCoLC)fst01730321
=650  \7$aShiites.$2fast$0(OCoLC)fst01115976

