=LDR  01145cam a2200313Ma 4500
=001  ocm26126473
=003  OCoLC
=005  20170320174822.4
=008  880901s1987\\\\ir\a\\\\\\\\\f000\0\ara\d
=010  \\$a   88963566 
=040  \\$aPUL$beng$cPUL$dDLC$dOCLCF$dOCLCQ$dOCLCO$dOCL$dCNUTO
=066  \\$c(3
=019  \\$a33079036
=035  \\$a(OCoLC)26126473$z(OCoLC)33079036
=043  \\$aa-ir---
=050  \4$aDS254$b.N39 1980z
=049  \\$aZYUU
=245  00$6880-01$aNaẓrah ʻalá al-Jumhūrīyah al-Islāmīyah al-Īrānīyah.
=260  \\$6880-02$aṬihrān, Īrān :$bWizārat al-Khārijīyah,$c[1987?]
=300  \\$a100 pages :$billustrations ;$c23 cm
=336  \\$atext$btxt$2rdacontent
=337  \\$aunmediated$bn$2rdamedia
=338  \\$avolume$bnc$2rdacarrier
=651  \0$aIran$xHistory$y1979-1997.
=651  \7$aIran.$2fast$0(OCoLC)fst01204889
=648  \7$a1979-1997$2fast
=655  \7$aHistory.$2fast$0(OCoLC)fst01411628
=880  00$6245-01/(3/r$aنظرة على الجمهورية الإسلامية الإيرانية.
=880  \\$6260-02/(3/r$aطهران، إيران :$bوزارة الخارجية،$c[١٩٨٧؟]

