=LDR  01166cam a2200289Ma 4500
=001  ocm77648682
=003  OCoLC
=005  20170328075627.5
=008  870121s1955\\\\sy\\\\\\\\\\\\000\0\ara\d
=040  \\$aPUL$beng$cPUL$dOCLCF$dOCLCO$dOCLCQ$dOCL$dOCLCQ
=035  \\$a(OCoLC)77648682
=043  \\$af-ae---
=049  \\$aZYUU
=245  03$aal-Jazāʼir :$bqiṣṣat kifāḥ al-shaʻb al-Jazāʼirī fī sabīl ḥurrīyatihi wa-istiqlālihi mundhu fajr al-tārīkh ḥattá al-yawm.
=250  \\$aal-Ṭabʻah 2.
=260  \\$aḤalab :$bMaktabat al-Iqtiṣād,$c1955.
=300  \\$a93 pages ;$c20 cm.
=336  \\$atext$btxt$2rdacontent
=337  \\$aunmediated$bn$2rdamedia
=338  \\$avolume$bnc$2rdacarrier
=490  1\$aSilsilat tārīkh al-istiʻmār al-Ūrūbbī fī al-bilād al-ʻArabīyah ;$v1
=651  \0$aAlgeria$xHistory.
=651  \0$aAlgeria$xPolitics and government.
=650  \7$aPolitics and government$2fast$0(OCoLC)fst01919741
=651  \7$aAlgeria.$2fast$0(OCoLC)fst01205459
=655  \7$aHistory.$2fast$0(OCoLC)fst01411628
=830  \0$aSilsilat tārīkh al-istiʻmār al-Ūrūbbī fī al-bilād al-ʻArabīyah ;$v1.

