=LDR  01172cam a2200277Ma 4500
=001  ocm29325512
=003  OCoLC
=005  20140608040534.1
=008  931105s1988\\\\ir\a\\\\\b\\\\000\0\ara\d
=040  \\$aPUL$beng$cPUL$dOCLCG$dOCLCQ$dOCLCF
=035  \\$a(OCoLC)29325512
=049  \\$aZYUU
=100  1\$aNajafī al-Iṣfahānī, Majd al-Dīn,$d1908-1983.
=240  10$aYawāqīt al-ḥisān fī tafsīr Sūrat al-Raḥmān
=245  13$aal-Yawāqīt al-ḥisān fī tafsīr Sūrat al-Raḥmān ; wa-al-Mukhtār min al-qaṣāʼid wa-al-ashʻār /$ctaʼlīf Majd al-Dīn al-Najafī al-Iṣfahānī.
=250  \\$aal-Ṭabʻah 1.
=260  \\$aQum :$bDār al-Dhakhāʼir,$c1409 [1988 or 1989]
=300  \\$a134 pages :$billustrations ;$c24 cm
=336  \\$atext$btxt$2rdacontent
=337  \\$aunmediated$bn$2rdamedia
=338  \\$avolume$bnc$2rdacarrier
=504  \\$aIncludes bibliographical references.
=630  00$aQurʼan.$pSūrat al-Raḥmān$vCommentaries.
=630  07$aQurʼan.$pSūrat al-Raḥmān.$2fast$0(OCoLC)fst01842919
=655  \7$aCommentaries.$2fast$0(OCoLC)fst01423723
=730  0\$aMukhtār min al-qaṣāʼid wa-al-ashʻār.

