=LDR  00726cam a2200205K  4500
=001  ocm42847271
=003  OCoLC
=005  20141207082200.3
=008  991118s1930\\\\ua\\\\\\\\\\\\000\0\ara\d
=040  \\$aPUL$beng$cPUL$dOCLCQ
=035  \\$a(OCoLC)42847271
=049  \\$aZYUU
=100  1\$aal-Marrākushī, Muḥammad ibn Muḥammad ibn ʻAbd Allāh.
=245  13$aal-Yawāqīt al-ʻaṣrīyah al-muḥtawiyah ʻalā sittat kutub fī ahamm al-tawārīkh wa-al-ḥawādith wa-al-aḥwāl al-waqtīyah ...
=260  \\$aCairo,$bMuṣṭafā al-Bābī,$c1349 [1930]
=300  \\$a400 pages$c26 cm
=336  \\$atext$btxt$2rdacontent
=337  \\$aunmediated$bn$2rdamedia
=338  \\$avolume$bnc$2rdacarrier
=546  \\$aIn Arabic.

