=LDR  01015cam a2200265Ma 4500
=001  ocm25767437
=003  OCoLC
=005  20141004092357.6
=008  880509s1970\\\\ir\\\\\\\b\\\\000\0\ara\d
=040  \\$aPUL$beng$cPUL$dOCLCG$dOCLCQ$dOCLCA$dOCLCF$dOCLCO$dOCLCQ
=035  \\$a(OCoLC)25767437
=049  \\$aZYUU
=100  1\$aMuqarram, ʻAbd al-Razzāq.
=245  10$aMaqtal al-Ḥusayn, ʻalayhi al-salām /$cʻAbd al-Razzāq al-Mūsawī al-Muqarram ; qaddama la-hu Muḥammad Ḥusayn al-Muqarram.
=260  \\$aṬihrān, Īrān :$bQism al-Dirāsāt al-Islāmīyah,$c[1970?]
=300  \\$a407 pages ;$c25 cm
=336  \\$atext$btxt$2rdacontent
=337  \\$aunmediated$bn$2rdamedia
=338  \\$avolume$bnc$2rdacarrier
=504  \\$aIncludes bibliographical references.
=600  00$aḤusayn ibn ʻAlī,$d-680.
=650  \0$aShiites$xHistory.
=600  07$aḤusayn ibn ʻAlī,$d-680$2fast$0(OCoLC)fst01825184
=650  \7$aShiites.$2fast$0(OCoLC)fst01115976
=655  \7$aHistory.$2fast$0(OCoLC)fst01411628

