=LDR  00932cam a2200241Ia 4500
=001  ocm19643141
=003  OCoLC
=005  20170520112602.4
=008  890502s1961\\\\sy\a\\\\\\\\\\000\0\arard
=040  \\$aOSU$beng$cOSU$dOCLCG$dOCLCQ$dOCLCA
=035  \\$a(OCoLC)19643141
=050  \4$aBP187.6.D35$bJ357 1961
=049  \\$aZYUU
=100  1\$aṬanṭāwī, ʻAlī,$d1909-
=245  13$aal-Jāmiʻ al-Umawī fī Dimashq :$bwaṣf wa-taʼrīkh /$cmin taʼlīf ʻAlī al-Ṭanṭāwī.
=250  \\$aal-Ṭabʻah 2.
=260  \\$aDimashq :$bDār al-Fikr,$c1961.
=300  \\$a87 pages :$billustrations ;$c24 cm
=336  \\$atext$btxt$2rdacontent
=337  \\$aunmediated$bn$2rdamedia
=338  \\$avolume$bnc$2rdacarrier
=610  20$aJāmiʻ al-Umawī (Damascus, Syria)
=776  08$iOnline version:$aṬanṭāwī, ʻAlī, 1909-$tJāmiʻ al-Umawī fī Dimashq.$bal-Ṭabʻah 2.$dDimashq : Dār al-Fikr, 1961$w(OCoLC)555455914

