=LDR  01542cam a2200385 a 4500
=001  ocm12104317
=003  OCoLC
=005  20191020005158.0
=008  840606s1954\\\\ua\bcf\\\\\\\f000\0barar\
=010  \\$a   80960976 
=040  \\$aDLC$beng$cDLC$dOCL$dOCLCG$dPAU$dOCLCQ$dOCLCF$dOCLCO$dOCL$dUUM$dOCLCQ$dOCLCA$dOCL
=066  \\$c(3$c(4
=035  \\$a(OCoLC)12104317
=043  \\$af-sj---
=050  00$aDT156.7$b.N33 1954
=049  \\$aZYUU
=100  1\$6880-01$aNaguib, Mohammed,$d1901-
=245  10$6880-02$aRisālah ʻan al-Sūdān /$ckatabahā Muḥammad Najīb.
=260  \\$6880-03$aal-Qāhirah :$bal-Maṭbaʻah al-Amīrīyah,$c1954.
=300  \\$a6, 96 pages, 9 unnumbered leaves of plates :$bmaps, portraits ;$c24 cm
=336  \\$atext$btxt$2rdacontent
=337  \\$aunmediated$bn$2rdamedia
=338  \\$avolume$bnc$2rdacarrier
=600  10$aNaguib, Mohammed,$d1901-
=651  \0$aSudan$xPolitics and government.
=650  \0$aPresidents$zEgypt$vBiography.
=600  17$aNaguib, Mohammed,$d1901-$2fast$0(OCoLC)fst00123590
=650  \7$aPolitics and government$2fast$0(OCoLC)fst01919741
=650  \7$aPresidents.$2fast$0(OCoLC)fst01075723
=651  \7$aEgypt.$2fast$0(OCoLC)fst01208755
=651  \7$aSudan.$2fast$0(OCoLC)fst01204591
=655  \7$aBiographies.$2fast$0(OCoLC)fst01919896
=880  1\$6100-01/(3/r$aنگب، مهمد،,$d1901-
=880  10$6245-02/(3/r$aرسالة عن السودان /$cكتبها محمد نجيب.
=880  \\$6260-03/(3/r$aالقاهرة :$bالمطبعة الأميرية،$c1954.

