=LDR  00991cam a2200301Ma 4500
=001  ocm34031447
=003  OCoLC
=005  20160802180027.4
=008  951221s1989\\\\ir\\\\\\\b\\\\000\0\ara\d
=040  \\$aPUL$beng$cPUL$dOCLCQ$dOCLCF$dOCLCO$dOCLCQ$dOCL
=035  \\$a(OCoLC)34031447
=050  14$aBP161.2$b.M823 1989
=049  \\$aZYUU
=100  1\$aMudarrisī, Muḥammad Taqī.
=245  13$aal-Taḥaddī al-Islāmī /$cMuḥammad Taqī al-Mudarrisī.
=250  \\$aal-Ṭabʻah 1.
=260  \\$a[Iran] :$bMaktab al-ʻAllāmah al-Mudarrisī,$c1410 [1989]
=300  \\$a315 pages ;$c24 cm
=336  \\$atext$btxt$2rdacontent
=337  \\$aunmediated$bn$2rdamedia
=338  \\$avolume$bnc$2rdacarrier
=500  \\$aCover title.
=504  \\$aIncludes bibliographical references.
=650  \0$aIslam$y20th century.
=650  \0$aIslam and humanism.
=650  \7$aIslam.$2fast$0(OCoLC)fst00979776
=650  \7$aIslam and humanism.$2fast$0(OCoLC)fst00979872
=648  \7$a1900-1999$2fast

