=LDR  00667cam a2200229K  4500
=001  ocm42866588
=003  OCoLC
=005  20141209052210.2
=008  991121s1952\\\\ua\\\\\\\b\\\\000\0\ara\d
=040  \\$aPUL$beng$cPUL$dOCLCQ$dOCLCG$dOCLCQ
=035  \\$a(OCoLC)42866588
=049  \\$aZYUU
=100  1\$aQūṣī, ʻAbd al-ʻAzīz,$d1906-
=245  10$aUsus al-ṣiḥḥah al-nafsīyah ...
=260  \\$aCairo,$c1952.
=300  \\$a505 pages$c24 cm
=336  \\$atext$btxt$2rdacontent
=337  \\$aunmediated$bn$2rdamedia
=338  \\$avolume$bnc$2rdacarrier
=546  \\$aTitle-page and text in Arabic.
=504  \\$aBibliography at end of each chapter.
=500  \\$a4th ed.

