=LDR  01218cam a2200301Ma 4500
=001  ocm29058038
=003  OCoLC
=005  20150307231719.3
=008  880812q19801988ir\\\\\\\\\\\\000\0\ara\d
=040  \\$aMNU$beng$cMNU$dOCLCF$dOCLCQ$dOCLCO
=066  \\$c(3
=035  \\$a(OCoLC)29058038
=049  \\$aZYUU
=100  1\$6880-01$aSharīf, Muḥammad Bāqir.
=245  13$6880-02$aal-Jāmiʻ al-shawāhid /$cli-muʼallifihi Muḥammad Bāqir al-Sharīf.
=260  \\$6880-03$aIṣfahān :$bMaṭbaʻat al-Muḥammadīyah,$c[198-?]
=300  \\$a3 volumes ;$c25 cm
=336  \\$atext$btxt$2rdacontent
=337  \\$aunmediated$bn$2rdamedia
=338  \\$avolume$bnc$2rdacarrier
=650  \0$aArabic poetry$xHistory and criticism.
=650  \0$aArabic language$xVersification.
=650  \7$aArabic language$xVersification.$2fast$0(OCoLC)fst00812458
=650  \7$aArabic poetry.$2fast$0(OCoLC)fst00812533
=655  \7$aCriticism, interpretation, etc.$2fast$0(OCoLC)fst01411635
=880  0\$6100-01/(3/r$aمحمد باقر الشريف.
=880  12$6245-02/(3/r$aالجامع الشواهد /$cلمؤلفه محمد باقر الشريف.
=880  \\$6260-03/(3/r$aاصبهان :$bمطبعة المحمدية،$c[198-?]

