=LDR  01384cam a2200253Ma 4500
=001  ocm29835002
=003  OCoLC
=005  20141025185713.5
=008  840904s1970\\\\ir\\\\\\\\\\\\001\0\ara\d
=040  \\$aPUL$beng$cPUL$dOCLCQ$dOCLCG$dOCLCQ$dOCLCA$dOCLCQ$dOCLCO
=035  \\$a(OCoLC)29835002
=049  \\$aZYUU
=100  1\$aBaḥrānī, Maytham ibn ʻAlī,$d-1280?
=245  10$aSharḥ al-ʻĀlim al-Rabbānī ʻalā al-miʼat kalimah li-Amīr al-Muʼminīn ʻAlī ibn Abī Ṭālib /$cKamāl al-Dīn Maytham ibn ʻAlī ibn Maytham al-Baḥrānī ; ʻuniya bi-ṭabʻih wa-nashrih wa-taṣḥīḥih wa-al-taʻlīq ʻalayh Mīr Jalāl al-Dīn al-Ḥusaynī al-Urmawī.
=260  \\$aQum :$bJamāʻat al-Mudarrisīn fi-al-Ḥawzah al-ʻIlmīyah,$c1390 [1970]
=300  \\$a272, 67, 58 pages ;$c25 cm
=336  \\$atext$btxt$2rdacontent
=337  \\$aunmediated$bn$2rdamedia
=338  \\$avolume$bnc$2rdacarrier
=500  \\$aOn cover "Wa-yalīh sharḥān ʻalá tilk al-kalimāt bi-ʻaynihā, al-awwal sharḥ ʻAbd al-Wahhāb, al-thānī sharḥ al-Rashīd al-Waṭwāṭ.
=600  00$aʻAlī ibn Abī Ṭālib,$cCaliph,$dapproximately 600-661.$tMiʼat kalimah.
=700  0\$aʻAbd al-Wahhāb.
=700  1\$aVaṭvāṭ, Rashīd al-Dīn Muḥammad ibn Muḥammad,$cdca. 1114-ca. 1182.
=700  1\$aḤusaynī al-Urmawī, Mīr Jalāl al-Dīn.

