=LDR  00926cam a2200265Ma 4500
=001  ocm16624997
=003  OCoLC
=005  20180327113011.0
=008  870311q19801987ir\\\\\\\b\\\\000\0\araod
=040  \\$aCGU$beng$cCGU$dOCLCG$dOCLCQ$dOCLCO$dOCLCF
=035  \\$a(OCoLC)16624997
=049  \\$aZYUU
=100  1\$aMaghnīyah, Muḥammad Jawād,$d1904-1979.
=245  10$aFiqh al-Imām Jaʻfar al-Ṣādiq :$bʻarḍ wa-istidl āl /$cMuḥammad Jawād Mughnīyah.
=260  \\$aQum :$bIntishārāt Quds Muḥammadī,$c[198-]
=300  \\$a6 volumes in 3 ;$c25 cm
=336  \\$atext$btxt$2rdacontent
=337  \\$aunmediated$bn$2rdamedia
=338  \\$avolume$bnc$2rdacarrier
=504  \\$aIncludes bibliographical references.
=600  10$aJaʻfa al-Ṣādiq,$d702?-765 or 766.
=650  \0$aIslamic law.
=650  \0$aShiites.
=650  \7$aIslamic law.$2fast$0(OCoLC)fst00979949
=650  \7$aShiites.$2fast$0(OCoLC)fst01115976

