=LDR  01054cam a2200289Ma 4500
=001  ocm29685485
=003  OCoLC
=005  20150307061503.3
=008  940112s1925\\\\ir\\\\\\\b\\\\000\0\ara\d
=040  \\$aPUL$beng$cPUL$dOCL$dOCLCG$dOCLCQ$dOCLCF$dOCLCQ$dOCLCO
=035  \\$a(OCoLC)29685485
=049  \\$aZYUU
=100  1\$aṬūsī, Muḥammad ibn al-Ḥasan,$d995-1067?
=240  10$aKitāb al-Khilāf
=245  10$aMasāʼil hāmmah min Kitāb al-Khilāf /$ctaʼlīf Abī Jaʻfar al-Ṭūsī.
=246  3\$aKitāb al-Khilāf
=260  \\$a[Tehran] :$bDānishgāh-i Tihrān,$c1344 [1925 or 1926]
=300  \\$a535 pages ;$c24 cm
=336  \\$atext$btxt$2rdacontent
=337  \\$aunmediated$bn$2rdamedia
=338  \\$avolume$bnc$2rdacarrier
=504  \\$aIncludes bibliographical references.
=650  \0$aIslamic law$vEarly works to 1800.
=650  \0$aShīʻah$vEarly works to 1800.
=650  \7$aIslamic law.$2fast$0(OCoLC)fst00979949
=650  \7$aShīʻah.$2fast$0(OCoLC)fst01117946
=655  \7$aEarly works.$2fast$0(OCoLC)fst01411636

