=LDR  00915cam a2200265 a 4500
=001  ocm12262321
=003  OCoLC
=005  20160112215330.8
=008  840705m19829999pk\\\\\\\b\\\\000\0\arar\
=010  \\$a   84182282 
=040  \\$aDLC$beng$cDLC$dOCLCO$dOCLCF$dOCLCQ$dOCLCO$dOCL$dOCLCO
=035  \\$a(OCoLC)12262321
=050  0\$aBP194.1$b.R23 1982
=049  \\$aZYUU
=100  1\$aRaḍawī, Muḥammad al-Raḍī.
=245  10$aKadhabū ʻalá al-Shīʻah /$c[Muḥammad al-Raḍī al-Raḍawī].
=260  \\$a[Pakistan?] :$b[publisher not identified],$c[1982-]
=300  \\$avolumes <1> ;$c24 cm
=336  \\$atext$btxt$2rdacontent
=337  \\$aunmediated$bn$2rdamedia
=338  \\$avolume$bnc$2rdacarrier
=504  \\$aIncludes bibliographical references.
=650  \0$aShīʻah$vApologetic works.
=650  \7$aShīʻah.$2fast$0(OCoLC)fst01117946
=655  \7$aApologetic writings.$2fast$0(OCoLC)fst01423698

