=LDR  00937cam a2200289Ma 4500
=001  ocm26034120
=003  OCoLC
=005  20160427171332.5
=008  880819s1952\\\\ua\\\\\\\\\\\\000\0\ara\d
=040  \\$aPUL$beng$cPUL$dOCLCQ$dOCLCF$dOCLCO$dOCLCQ$dOCL
=035  \\$a(OCoLC)26034120
=043  \\$af-ua---
=049  \\$aZYUU
=100  1\$aMandūr, Muḥammad,$d1907-1965.
=240  10$aMawāṭin
=245  10$aKitāb al-mawāṭin /$c[Muḥammad Mandūr].
=246  3\$aMawāṭin
=260  \\$a[Cairo] :$b[publisher not identified],$c[1952]
=300  \\$a72 pages ;$c17 cm
=336  \\$atext$btxt$2rdacontent
=337  \\$aunmediated$bn$2rdamedia
=338  \\$avolume$bnc$2rdacarrier
=500  \\$aStatement of responsibility from p. 72.
=651  \0$aEgypt$xPolitics and government$y1919-1952.
=650  \7$aPolitics and government$2fast$0(OCoLC)fst01919741
=651  \7$aEgypt.$2fast$0(OCoLC)fst01208755
=648  \7$a1919-1952$2fast

