=LDR  02232cam a2200433Ma 4500
=001  ocm26476476
=003  OCoLC
=005  20160628011621.7
=008  881122s1987\\\\ir\\\\\\\\\\\\000\0\ara\d
=040  \\$aPUL$beng$cPUL$dOCL$dOCLCQ$dLGG$dOCLCQ$dOCLCF$dOCLCQ$dOCLCO$dOCL
=066  \\$c(3
=035  \\$a(OCoLC)26476476
=041  1\$aara$hper
=043  \\$aa-ir---
=050  \4$aDS318.815$b.M86812 1987
=049  \\$aZYUU
=100  1\$6880-01$aMuntaẓirī, Ḥusayn ʻAlī.
=240  10$aWorks.$kSelections.$lArabic.$f1987
=245  13$6880-02$aal-Qaḍāyā al-ʻālamīyah lil-thawrah al-Islāmīyah fī aqwāl Āyat Allāh al-ʻUẓmá al-Muntaẓirī /$c[iʻdād Muṣṭafá al-Īzadī al-Najafʹābādī ; tarjamat ʻAbd al-Karīm Maḥmūd].
=250  \\$6880-03$aal-Ṭabʻah 1.
=260  \\$aṬihrān :$bMuʻāwanīyat al-ʻAlāqāt al-Dawlīyah fī Munaẓẓamat al-Iʻlām al-Islāmī, al-Jumhūrīyah al-Islāmīyah fī Īrān,$c1987.
=300  \\$a169 pages ;$c22 cm
=336  \\$atext$btxt$2rdacontent
=337  \\$aunmediated$bn$2rdamedia
=338  \\$avolume$bnc$2rdacarrier
=500  \\$aTranslated from the Persian.
=651  \0$aIran$xPolitics and government$y1979-1997$vQuotations, maxims, etc.
=650  \0$aShīʻah$vQuotations, maxims, etc.
=650  \7$aPolitics and government$2fast$0(OCoLC)fst01919741
=650  \7$aShīʻah.$2fast$0(OCoLC)fst01117946
=651  \7$aIran.$2fast$0(OCoLC)fst01204889
=648  \7$a1979-1997$2fast
=655  \7$aQuotations.$2fast$0(OCoLC)fst01423792
=700  1\$6880-04$aĪzadī, Muṣṭafá.
=880  1\$6100-01/(3/r$aمنتظرى، حسين على.
=880  12$6245-02/(3/r$aالقضايا العالمية للثورة الاسلامية في أقوال آية الله العظمى المنتظري /$c[إعداد مصطفى الإيزدي النجف آبادي ؛ ترجمة عبد الكريم محمود].
=880  \\$6250-03/(3/r$aالطبعة 1.
=880  \\$6260-00/(3/r$aطهران، الجمهورية الاسلامية في ايران :$bمعاونية العلاقات الدولية في منظمة الإعلام الاسلامي،$c1987.
=880  1\$6700-04/(3/r$aإيزدي، مصطفى.

