=LDR  01124cam a2200253Ma 4500
=001  ocm26476478
=003  OCoLC
=005  20181127224445.2
=008  881122s1986\\\\ir\\\\\\\\\\\\000\0\ara\d
=040  \\$aPUL$beng$cPUL$dOCLCQ$dOCLCF$dOCLCO$dOCLCQ
=035  \\$a(OCoLC)26476478
=049  \\$aZYUU
=100  1\$aMakārim Shīrāzī, Nāṣir.
=245  10$aSilsilat al-durūs al-dīnīyah fī al-ʻaqāʼid al-Islāmīyah /$c[Nāṣir Makārim al-Shīrāzī, Jaʻfar Ṣādiq al-Khalīlī].
=250  \\$aal-Ṭabʻah 1.
=260  \\$aṬihrān, Īrān :$bQism al-Iʻlām al-Khārijī, Muʼassasat al-Baʻthah,$c1407 [1986 or 1987]
=300  \\$a5 volumes ;$c22 cm
=336  \\$atext$btxt$2rdacontent
=337  \\$aunmediated$bn$2rdamedia
=338  \\$avolume$bnc$2rdacarrier
=505  0\$aal-qism 1. Maʻrifat Allāh -- al-qism 2. Maʻrifat al-nubūwah -- al-qism 3. Maʻrifat al-Imāmah -- al-qism 4. Maʻrifat al-ʻadl al-ilāhī -- al-qism 5. Maʻrifat al-maʻād.
=650  \0$aIslam$xDoctrines.
=650  \7$aIslam$xDoctrines.$2fast$0(OCoLC)fst00979787
=700  1\$aKhalīlī, Jaʻfar Ṣādiq.

