=LDR  01052cam a2200277Ma 4500
=001  ocm81869455
=003  OCoLC
=005  20170329055419.6
=008  831227m19611971iq\\\\\\\\\\\\000\0\ara\d
=040  \\$aPUL$beng$cPUL$dOCLCF$dOCLCO$dOCLCQ
=035  \\$a(OCoLC)81869455
=043  \\$aa-su---
=049  \\$aZYUU
=100  1\$aShāhrūdī, Maḥmūd al-Ḥusaynī.
=245  10$aKitāb al-ḥajj :$btaqrīr baḥth /$cMaḥmūd al-Ḥusaynī al-Shāhrūdī ; taʼlīf Muḥammad Ibrāhīm al-Jannātī.
=250  \\$aal-Ṭabʻah 2.
=260  \\$aal-Najaf :$bMaṭbaʻat al-Qaḍāʼ,$c1381-1391 [1961 or 1962-1971 or 1972]
=300  \\$a5 volumes ;$c26 cm
=336  \\$atext$btxt$2rdacontent
=337  \\$aunmediated$bn$2rdamedia
=338  \\$avolume$bnc$2rdacarrier
=650  \0$aMuslim pilgrims and pilgrimages$zSaudi Arabia$zMecca.
=650  \7$aMuslim pilgrims and pilgrimages.$2fast$0(OCoLC)fst01030970
=651  \7$aSaudi Arabia$zMecca.$2fast$0(OCoLC)fst01204780
=700  1\$aJannātī, Muḥammad Ibrāhīm.
=740  0\$aḤajj.

