=LDR  02103cam a2200409Ma 4500
=001  ocm26285935
=003  OCoLC
=005  20160720162642.6
=008  881116s1986\\\\ir\a\\\\\b\\\\000\0\ara\d
=040  \\$aPUL$beng$cPUL$dOCLCG$dLGG$dOCLCQ$dOCLCA$dOCLCF$dOCLCQ$dOCLCO$dOCL$dOCLCO$dOCLCQ
=066  \\$c(3
=035  \\$a(OCoLC)26285935
=041  0\$aara$aper
=050  \4$aBP193.14.A2$bS2436 1987
=049  \\$aZYUU
=100  1\$6880-01$aMajlisī, Muḥammad Bāqir ibn Muḥammad Taqī,$d1627 or 1628-approximately 1699.
=245  13$6880-02$aal-Farāʼid al-ṭarīfah fī sharḥ al-Ṣaḥīfah al-sharīfah /$ctaʼlīf Muḥammad Bāqir al-Majlisī ; taḥqīq Mahdī al-Rajāʼī.
=260  \\$6880-03$aIṣfahān :$bMaktabat al-ʻAllāmah al-Majlisī,$c1407 [1986 or 1987]
=300  \\$a16, 342 pages :$billustrations ;$c25 cm.
=336  \\$atext$btxt$2rdacontent
=337  \\$aunmediated$bn$2rdamedia
=338  \\$avolume$bnc$2rdacarrier
=490  1\$6880-04$aMaktabah al-ʻAllāmah al-Majlisī ;$v1
=500  \\$aPref. in Persian.
=504  \\$aIncludes bibliographical references.
=630  00$aṢaḥīfah al-kāmilah.
=650  \0$aShīʻah$vPrayers and devotions.
=630  07$aṢaḥīfah al-kāmilah.$2fast$0(OCoLC)fst01376375
=650  \7$aShīʻah.$2fast$0(OCoLC)fst01117946
=655  \7$aPrayers and devotions.$2fast$0(OCoLC)fst01423909
=700  1\$aRajāʼī, Mahdī.
=830  \0$6880-05$aMaktabah al-ʻAllāmah al-Majlisī (Series) ;$v1.
=880  1\$6100-01/(3/r$a‏مجلسي، محمد باقر بن محمد تقي،‏$c‏1627 أو 8-حو 1699.
=880  12$6245-02/(3/r$a‏الفرائد الطريفة في شرح الصحيفة /‏$c‏تأليف محمد باقر المجلسي ؛ تحقيق مهدي الرجائي.
=880  \\$6260-03/(3/r$a‏اصفهان :‏$b‏مكتبة العلامة المجلسي،‏$c‏1407 [1986 أو 1987]
=880  1\$6490-04/(3/r$a‏مكتبة العلامة المجلسي ؛‏$v‏1
=880  \0$6830-05/(3/r$a‏مكتبة العلامة المجلسي (سلسلة) ؛‏ ;$v‏1.

