=LDR  00869cam a2200241Ma 4500
=001  ocm26476482
=003  OCoLC
=005  20171206200828.5
=008  881122s1987\\\\ir\\\\\\\b\\\\000\0\ara\d
=040  \\$aPUL$beng$cPUL$dOCLCQ$dOCLCF$dOCLCO$dOCLCQ
=035  \\$a(OCoLC)26476482
=049  \\$aZYUU
=100  1\$aBakrī, Iḥsān ʻAbd al-Laṭīf.
=245  13$aal-Wahhābīyah fī naẓar ʻulamāʼ al-Muslimīn /$cIḥsān ʻAbd al-Laṭīf al-Bakrī.
=250  \\$aal-Ṭabʻah 2.
=260  \\$aQum :$bMaktabat Āyat Allāh al-ʻUẓmá al-Marʻashī al-Najafī,$c1408 [1987 or 1988]
=300  \\$a48 pages ;$c17 cm
=336  \\$atext$btxt$2rdacontent
=337  \\$aunmediated$bn$2rdamedia
=338  \\$avolume$bnc$2rdacarrier
=504  \\$aIncludes bibliographical references.
=650  \0$aWahhābīyah.
=650  \7$aWahhābīyah.$2fast$0(OCoLC)fst01169912

