=LDR  00640cam a2200193Ma 4500
=001  ocm22316412
=003  OCoLC
=005  20140924050933.1
=008  890313s1909\\\\sy\\\\\\\\\\\\000\0\ara\d
=040  \\$aPUL$beng$cPUL$dOCLCQ
=035  \\$a(OCoLC)22316412
=049  \\$aZYUU
=100  1\$aʻĀzār, Nasīm.
=245  10$aArwāḥ al-aḥrār :$bdrām bi-arbaʻat fuṣūl /$cta'līf Nasīm al-ʻĀzār.
=260  \\$aSūq al-Ḥamīdīyāh [Damascus?] :$bTuṭlabu min al-Maktabah al-Jāmiʻah,$c1909.
=300  \\$a96 pages ;$c21 cm
=336  \\$atext$btxt$2rdacontent
=337  \\$aunmediated$bn$2rdamedia
=338  \\$avolume$bnc$2rdacarrier

