=LDR  01224cam a2200313Ia 4500
=001  ocm33922897
=003  OCoLC
=005  20140321141024.8
=008  911203s1983\\\\ir\\\\\\\\\\\\000\0\ara\d
=040  \\$aHLS$beng$cHLS$dCGU$dOCLCG$dOCLCA$dOCLCQ$dOCLCO$dOCLCF
=066  \\$c(3
=035  \\$a(OCoLC)33922897
=050  \4$aBP156$b.S48 1983
=082  04$a340.59
=049  \\$aZYUU
=100  1\$6880-01$aShubbar, ʻAbd Allāh ibn Muḥammad Riḍā,$d1774 or 1775-1826 or 1827.
=245  13$6880-02$aal-Uṣūl al-aṣlīyah wa-al-qawāʼid al-sharʻīyah /$ctaʼlīf ʻAbd Allāh Shubbar.
=260  \\$aQum :$bMaktabat al-Mufīd,$c1404 [1983 or 1984]
=300  \\$a331 pages ;$c24 cm
=336  \\$atext$btxt$2rdacontent
=337  \\$aunmediated$bn$2rdamedia
=338  \\$avolume$bnc$2rdacarrier
=650  \0$aIslamic law.
=650  \0$aShiites.
=650  \7$aIslamic law.$2fast$0(OCoLC)fst00979949
=650  \7$aShiites.$2fast$0(OCoLC)fst01115976
=880  1\$6100-01/(3/r$aشبر، عبد الله بن محمد رضا.
=880  12$6245-02/(3/r$aالأصول الأصلية والقواعد الشرعية /$cتأليف عبد الله شبر.
=880  \\$6260-00/(3/r$aقم :$bمكتبة المفيد،$c1404 [1984]

