=LDR  00987cam a2200265Ma 4500
=001  ocm81805359
=003  OCoLC
=005  20190505170923.5
=008  950103s1903\\\\ua\\\\\\\\\\\\000\0\ara\d
=040  \\$aPUL$beng$cPUL$dOCLCF$dOCLCO$dOCLCQ$dOCLCA
=035  \\$a(OCoLC)81805359
=043  \\$af-ua---
=049  \\$aZYUU
=100  1\$aṢafwat, Muḥammad.
=245  10$aRisālah fī al-ṭāʻūn, aw, al-Tayfūs al-baqarī /$ctaʼlīf Muḥammad Ṣafwat.
=260  \\$a[Cairo] :$bMaṭbaʻat al-Liwāʼ,$c1903.
=300  \\$a64 pages ;$c23 cm
=336  \\$atext$btxt$2rdacontent
=337  \\$aunmediated$bn$2rdamedia
=338  \\$avolume$bnc$2rdacarrier
=650  \0$aPlague$zEgypt.
=650  \7$aPlague.$2fast$0(OCoLC)fst01065045
=651  \7$aEgypt.$2fast$0(OCoLC)fst01208755
=740  0\$aTayfūs al-baqarī.
=776  08$iOnline version:$aṢafwat, Muḥammad.$tRisālah fī al-ṭāʻūn, aw, al-Tayfūs al-baqarī.$d[Cairo] : Maṭbaʻat al-Liwāʼ, 1903$w(OCoLC)657161669

