=LDR  01013cam a2200241Ma 4500
=001  ocm30452631
=003  OCoLC
=005  20140819235710.3
=008  940422s1987\\\\ir\\\\\\\b\\\\000\0\ara\d
=040  \\$aPUL$beng$cPUL$dOCLCG$dOCLCA$dOCLCQ$dOCLCA$dOCLCF
=035  \\$a(OCoLC)30452631
=050  \4$aBP193.19$b.U83 1987
=049  \\$aZYUU
=100  1\$aMuḥammad, ʻAbd al-Zahrāʼ ʻUthmān.
=245  13$aal-Imām Muḥammad ibn ʻAlī al-Jawād :$btāsiʻ aʼimmat ahl al-bayt ʻalayhum al-salām /$cʻAbd al-Zahrāʼ ʻUthmān Muḥammad.
=260  \\$aMashhad, Īrān :$bMajmaʻ al-Buḥūth al-Islāmīyah,$c1408 [1987 or 1988]
=300  \\$a149 pages ;$c21 cm
=336  \\$atext$btxt$2rdacontent
=337  \\$aunmediated$bn$2rdamedia
=338  \\$avolume$bnc$2rdacarrier
=504  \\$aIncludes bibliographical references (pages 145-149).
=600  10$aJawād, Muḥammad ibn ʻAlī,$d810 or 811-835 or 836.
=600  17$aJawād, Muḥammad ibn ʻAlī,$d810 or 811-835 or 836.$2fast$0(OCoLC)fst01826926

