=LDR  01351cam a2200337Ia 4500
=001  ocm23483878
=003  OCoLC
=005  20181108095317.5
=008  890925s1967\\\\ir\a\\\\\\\\\\001\0\ara\d
=040  \\$aEYM$beng$cEYM$dOSU$dOCLCQ$dOCLCO$dOCLCA$dOCLCF$dOCLCQ$dOCLCA$dUKMGB
=066  \\$c(3
=016  7\$a013233576$2Uk
=029  1\$aUKMGB$b013233576
=035  \\$a(OCoLC)23483878
=050  \4$aBP100$b1967
=049  \\$aZYUU
=130  0\$aQurʼan.
=245  13$6880-01$aal-Qurʼān mubīn wa-fahāris al-Qurʼān /$cbi-kūshish-i Maḥmūd Rāmyār.
=260  \\$6880-02$aṬihrān, Īrān :$bAmīr Kabīr,$c1345 [1967]
=300  \\$a1040 pages :$bcolor illustrations ;$c25 cm
=336  \\$atext$btxt$2rdacontent
=337  \\$aunmediated$bn$2rdamedia
=338  \\$avolume$bnc$2rdacarrier
=546  \\$aText of the Qurʼān and indexes in Arabic; introductions to text and indexes in Persian.
=630  00$aQurʼan$vConcordances.
=630  07$aQurʼan.$2fast$0(OCoLC)fst01842877
=655  \7$aConcordances.$2fast$0(OCoLC)fst01423768
=700  1\$6880-03$aRāmyār, Maḥmūd.
=880  12$6245-01/(3/r$aالقرآن مبين وفهارس القرآن /$cبكوششا محمود راميار.
=880  \\$6260-02/(3/r$aطهران، إيران :$bأمير كبير،$c1345 [1967]
=880  1\$6700-03/(3/r$aراميار، محمود.

