=LDR  01710cam a2200397Ma 4500
=001  ocm39833572
=003  OCoLC
=005  20160826234529.7
=008  980529s1924\\\\ua\\\\\\\d\\\\000\0\ara\d
=010  \\$ane 63000852 
=040  \\$aPUL$beng$cPUL$dOCLCQ$dOCLCG$dOCLCQ$dOCLCF$dOCLCO$dOCLCQ$dHLS$dOCLCQ$dOCLCO
=066  \\$c(3
=035  \\$a(OCoLC)39833572
=041  0\$aara$aeng
=050  0\$aPJ6640$b.E614 1924
=049  \\$aZYUU
=100  1\$aElias, Elias A.$q(Elias Antoon)
=245  10$6880-01$aQāmūs al-jayb, Inkilīzī wa-ʻArabī /$ctaʼlīf Ilyās Anṭūn Ilyās =bElias' Pocket dictionary, English-Arabic / by Elias A. Elias.
=246  15$6880-02$aQāmūs al-jayb, ʻArabī wa-Inkilīzī
=246  31$aElias' Pocket dictionary, English-Arabic
=246  3\$aElias' Pocket dictionary, Arabic-English
=246  3\$aPocket dictionary, English-Arabic
=246  3\$aPocket dictionary, Arabic-English
=260  \\$6880-03$aMiṣr :$bAl-Maṭbaʻah al-ʻAṣrīyah,$c[1924]
=300  \\$a2 volumes in 1. ;$c14 cm
=336  \\$atext$btxt$2rdacontent
=337  \\$aunmediated$bn$2rdamedia
=338  \\$avolume$bnc$2rdacarrier
=650  \0$aEnglish language$vDictionaries$xArabic.
=650  \0$aArabic language$vDictionaries$xEnglish.
=650  \7$aArabic language.$2fast$0(OCoLC)fst00812287
=650  \7$aEnglish language.$2fast$0(OCoLC)fst00910920
=655  \7$aDictionaries.$2fast$0(OCoLC)fst01423826
=880  10$6245-01/(3/r$aقاموس الجيب، انكليزي وعربي /$cتأليف الياس انطون الياس.
=880  15$6246-02/(3/r$aقاموس الجيب، عربي وانكليزي
=880  \\$6260-03/(3/r$aمصر :$bالمطبعة العصرية،$c[1924]

