=LDR  00858cam a2200277Ma 4500
=001  ocm37169379
=003  OCoLC
=005  20141117094844.1
=008  970613s1876\\\\tu\\\\\\\\\\\\000\0\ara\d
=040  \\$aPUL$beng$cPUL$dOCLCQ$dOCLCF$dOCLCO$dOCLCQ
=035  \\$a(OCoLC)37169379
=050  14$aBP178$b.B322 1876
=049  \\$aZYUU
=130  0\$aBāb daʻwá al-rajulayn.
=245  10$aCilt-i seni Bab-ı daʼvaülrecleyn.
=246  30$aDaʼvaülrecleyn
=246  30$aBab-ı daʼvaülrecleyn
=246  3\$aDaʻwá al-rajulayn
=260  \\$aDār al-Salṭanah :$bMaṭbaʻat ʻAlī Bik,$c1293 [1876]
=300  \\$a544, [2] pages ;$c27 cm
=336  \\$atext$btxt$2rdacontent
=337  \\$aunmediated$bn$2rdamedia
=338  \\$avolume$bnc$2rdacarrier
=500  \\$aCaption title.
=650  \0$aPrayer$xIslam.
=650  \7$aPrayer$xIslam.$2fast$0(OCoLC)fst01074698

