=LDR  00953cam a2200229Ma 4500
=001  ocm82631059
=003  OCoLC
=005  20161214212302.8
=008  860701s1933\\\\mr\\\\\\\\\\\\000\0\ara\d
=040  \\$aPUL$beng$cPUL$dOCLCG$dOCLCA$dOCLCF$dOCLCO$dOCLCQ
=035  \\$a(OCoLC)82631059
=049  \\$aZYUU
=100  1\$aBūʻaqīlī, al-Ḥasan bin Bū Jumʻah,$d-1949.
=245  10$aIḍāḥ al-adillah bi-anwār al-aʼimmah /$ctaʼlīf Abī ʻAlī ... al-Aḥsan ibn Muḥammad ibn Abī Jamāʻah al-Buʻaqilī al-Susī ... al-Baḍāwī.
=250  \\$aal-Ṭabʻah 1.
=260  \\$aal-Dār al-Bayḍāʼ :$bal-Maṭbaʻah al-ʻArabīyah,$c1353 [1933 or 1934]
=300  \\$a115 pages ;$c25 cm
=336  \\$atext$btxt$2rdacontent
=337  \\$aunmediated$bn$2rdamedia
=338  \\$avolume$bnc$2rdacarrier
=650  \0$aIslamic law$xInterpretation and construction.
=650  \7$aIslamic law$xInterpretation and construction.$2fast$0(OCoLC)fst00979955

