=LDR  01041cam a2200265Ma 4500
=001  ocm79668201
=003  OCoLC
=005  20170328173914.0
=008  890228s1985\\\\ir\\\\\\\\\\\\000\0dara\d
=040  \\$aPUL$beng$cPUL$dOCLCG$dOCLCA$dOCLCF$dOCLCQ
=035  \\$a(OCoLC)79668201
=049  \\$aZYUU
=100  1\$aḤāʼirī, Muḥammad Mahdī.
=245  10$aMaʻālī al-sibṭayn fī aḥwāl al-Ḥasan wa-al-Ḥusayn, ṣalawāt Allāh wa-salāmuhu ʻalayhimā /$ctaʼlīf Muḥammad Mahdī al-Ḥāʼirī.
=250  \\$aal-Ṭabʻah 2.
=260  \\$aQum, Īrān :$bal-Raḍī,$c1363 [1985]
=300  \\$a2 volumes ;$c25 cm
=336  \\$atext$btxt$2rdacontent
=337  \\$aunmediated$bn$2rdamedia
=338  \\$avolume$bnc$2rdacarrier
=500  \\$aTitle page partially vocalized.
=600  00$aḤusayn ibn ʻAlī,$d-680.
=600  00$aḤasan ibn ʻAlī,$d-approximately 669.
=600  07$aḤasan ibn ʻAlī,$d-approximately 669.$2fast$0(OCoLC)fst01823142
=600  07$aḤusayn ibn ʻAlī,$d-680.$2fast$0(OCoLC)fst01825184

