=LDR  01887cam a2200409Ma 4500
=001  ocm28074154
=003  OCoLC
=005  20200313104610.4
=008  890313m19799999ir\\\\\\\b\\\\000\0\ara\d
=040  \\$aPUL$beng$cPUL$dOCLCQ$dOCLCF$dOCLCQ$dOCLCO$dDHA$dOCLCQ
=066  \\$c(3
=035  \\$a(OCoLC)28074154
=043  \\$aa-su---
=082  0\$a297.352$222
=049  \\$aZYUU
=100  1\$6880-01$aṢābirī al-Ḥamdānī, Aḥmad.
=240  10$6880-02$aḤājj
=245  10$6880-03$aKitāb al-ḥājj :$btaqrīr abḥāth faqīh al-ʻaṣr samāḥat Āyat Allāh al-ʻuẓmá al-Sayyid Muḥammad Riḍá al-Mūsawī al-Gulpāygānīdām ẓilluhu al-wārif /$ctaʼlīf Aḥmad al-Ṣābirī al-Ḥamdānī.
=246  3\$aḤājj
=250  \\$6880-04$aal-Ṭabʻah 1.
=260  \\$aQum :$bMaṭbaʻat al-Khayyām,$c1400- [1979 or 1980-]
=300  \\$avolumes ;$c25 cm
=336  \\$atext$btxt$2rdacontent
=337  \\$aunmediated$bn$2rdamedia
=338  \\$avolume$bnc$2rdacarrier
=500  \\$aTitle page partially vocalized.
=504  \\$aIncludes bibliographical references.
=650  \0$aMuslim pilgrims and pilgrimages$zSaudi Arabia$zMecca.
=650  \0$aShiites.
=650  \7$aMuslim pilgrims and pilgrimages.$2fast$0(OCoLC)fst01030970
=650  \7$aShiites.$2fast$0(OCoLC)fst01115976
=651  \7$aSaudi Arabia$zMecca.$2fast$0(OCoLC)fst01204780
=880  1\$6100-01/(3/r$aصبري الهمداني، ٱحمد.
=880  10$6240-02/(3/r$aحج
=880  10$6245-03/(3/r$aكتاب الحج :$bتقرير ٱبحاث فقيه العصر سماحة آية الله العظمى السيد محمد رضا الموسوي الكلياكاني دام ظله الوارف /$cتٱليف ٱحمد الصبيري الهمداني.
=880  \\$6250-04/(3/r$aالطبعة 1.
=880  \\$6260-00/(3/r$aقم :$bمطبعة الخيام،$c1405- [1985-]

