=LDR  00862cam a2200229K  4500
=001  ocm42824649
=003  OCoLC
=005  20141206152502.4
=008  991115s1881\\\\tu\\\\\\\\\\\\000\0\ara\d
=040  \\$aPUL$beng$cPUL$dGZM$dOCLCG$dOCLCQ
=035  \\$a(OCoLC)42824649
=041  1\$aara$htur
=049  \\$aZYUU
=100  0\$aAhmet Cevdet Paşa,$d1822-1895.
=245  10$aTaqwīm al-adwār.$bTarjamahā min al-lughah al-Turkīyah ilā al-ʻArabīyah Ilyās Maṭar.
=260  \\$a[Istanbul]$bMaṭbaʻat Maḥmūd Bik,$c1881.
=300  \\$a52 pages$c20 cm
=336  \\$atext$btxt$2rdacontent
=337  \\$aunmediated$bn$2rdamedia
=338  \\$avolume$bnc$2rdacarrier
=500  \\$aArabic translation of Takvim ül-edvar.
=776  08$iOnline version:$aAhmet Cevdet Paşa, 1822-1895.$tTaqwīm al-adwār.$d[Istanbul] Maṭbaʻat Maḥmūd Bik, 1881$w(OCoLC)657001433

