=LDR  01582cam a2200373 a 4500
=001  ocm39497791
=003  OCoLC
=005  20190828123613.4
=008  870910s1956\\\\iq\ab\\\\b\\\\001\0\ara\\
=010  \\$a   90965296 
=040  \\$aDLC-R$beng$cDLC$dWAU$dOCLCO$dOCLCF$dOCLCQ
=066  \\$c(3
=019  \\$a16666029$a18402588$a1112984569
=035  \\$a(OCoLC)39497791$z(OCoLC)16666029$z(OCoLC)18402588$z(OCoLC)1112984569
=042  \\$alcode
=043  \\$aa-iq---
=050  00$aDS70.8.B4$bJ36 1956
=049  \\$aZYUU
=100  1\$6880-01$aJamīl, Makkī.
=245  13$6880-02$aal-Badw wa-al-qabāʼil al-raḥḥālah fī al-ʻIrāq /$ctaʼlīf Makkī al-Jamīl ; ashrafa ʻalá ṭabʻihi Jihād al-ʻAbāyijī.
=246  1\$iTitle on p. [4] of cover:$aBedouins and wandering tribes of Iraq
=260  \\$6880-03$aBaghdād :$bMaṭbaʻat al-Rābiṭah,$c1956.
=300  \\$a327 pages :$billustrations, maps ;$c22 cm
=336  \\$atext$btxt$2rdacontent
=337  \\$aunmediated$bn$2rdamedia
=338  \\$avolume$bnc$2rdacarrier
=504  \\$aIncludes bibliographical references (pages 322-323) and indexes.
=520  \\$aBedouins; Iraq.
=650  \0$aBedouins$zIraq.
=650  \7$aBedouins.$2fast$0(OCoLC)fst00829496
=651  \7$aIraq.$2fast$0(OCoLC)fst01205757
=880  1\$6100-01/(3/r$aجميل، مكى.
=880  12$6245-02/(3/r$aالبدو والقبائل الرحالة في العراق /$cتأليف مكى الجميل ؛ اشرف على طبعه جهاد العبايجي.
=880  \\$6260-03/(3/r$aبغداد :$bمطبعة الرابطة،$c1956.

