=LDR  01766cam a2200349Ma 4500
=001  ocm26601069
=003  OCoLC
=005  20180821071806.9
=008  890322s1987\\\\ir\\\\\\\\\\\\000\0\ara\d
=040  \\$aPUL$beng$cPUL$dOCL$dOCLCQ$dOCLCF$dOCLCO$dOCL$dPAU
=066  \\$c(3
=035  \\$a(OCoLC)26601069
=050  \4$aBP194.3$b.K86 1987
=049  \\$aZYUU
=100  0\$6880-01$aKumail,$dactive 7th century.
=245  10$6880-02$aDuʻāʼ Kumayl wa-Duʻāʼ al-Imām Zayn al-ʻĀbidīn (ʻa) li-ahl al-thughūr.
=246  3\$aDuʻāʼ al-Imām Zayn al-ʻĀbidīn
=250  \\$6880-03$aal-Ṭabʻah 1.
=260  \\$6880-04$aṬihrān, al-Jumhūrīyah al-Islāmīyah fī Īrān :$bMuʻāwanīyat al-ʻAlāqāt al-Dawlīyah fī Munaẓẓamat al-Iʻlām al-Islāmī,$c1987.
=300  \\$a47 pages ;$c16 cm
=336  \\$atext$btxt$2rdacontent
=337  \\$aunmediated$bn$2rdamedia
=338  \\$avolume$bnc$2rdacarrier
=650  \0$aShīʻah$xPrayers and devotions$xArabic$vEarly works to 1800.
=655  \7$aEarly works.$2fast$0(OCoLC)fst01411636
=700  0\$6880-05$aZayn al-ʻĀbidīn ʻAlī ibn al-Ḥusayn,$d-710?$tDuʻāʼ al-Imām Zayn al-ʻĀbidīn.
=880  0\$6100-01/(3/r$aكميل.
=880  10$6240-00/(3/r$aدعاى كميل
=880  10$6245-02/(3/r$aدعاء كميل ودعاء الإمام زين العابدين (ع‌) لأهل الثغور.
=880  \\$6250-03/(3/r$aالطبعة 1.
=880  \\$6260-04/(3/r$aطهران، الجمهورية الإسلامية في ايران :$bمعاونية العلاقات الدولية في منظمة الإعلام الاسلامي،$c1987.
=880  02$6700-05/(3/r$aزين العابدين علي بن الحسين.$tدعاء الامام زين العابدين.

