=LDR  01939cam a2200397Ia 4500
=001  ocm22438981
=003  OCoLC
=005  20180817162957.9
=008  900926s1954\\\\ly\\\\\\\\\\\f000\0\arar\
=010  \\$a   59054773 
=040  \\$aDLC$beng$cWAU$dOCLCQ$dORZ$dOCLCF$dOCLCQ$dOCLCA
=066  \\$c(3
=035  \\$a(OCoLC)22438981
=043  \\$af-ly---
=050  \4$aKR1602$b.A4 1954
=049  \\$aZYUU
=110  1\$6880-01$aLibya.
=245  10$6880-02$aQānūn al-murāfaʻāt al-madanīyah wa-al-tijārīyah wa-qānūn nizām al-qaḍā :$bal-Jarīdah al-Rasmīyah lil-Mamlakaḥ al-Lībīyah al-Muttaḥidah /$cnushirat bi-amr Wazīr al-ʻAdl bi-tārīkh 20 Fibrāyir 1954.
=260  \\$a[Binghāzī] :$b[publisher not identified],$c[1954?]
=300  \\$a15, 281 pages ;$c23 cm
=336  \\$atext$btxt$2rdacontent
=337  \\$aunmediated$bn$2rdamedia
=338  \\$avolume$bnc$2rdacarrier
=650  \0$aCivil procedure$zLibya.
=650  \0$aCommercial courts$zLibya.
=650  \0$aCourts$zLibya.
=650  \0$aJustice, Administration of$zLibya.
=650  \7$aCivil procedure.$2fast$0(OCoLC)fst00862585
=650  \7$aCommercial courts.$2fast$0(OCoLC)fst00869460
=650  \7$aCourts.$2fast$0(OCoLC)fst00881747
=650  \7$aJustice, Administration of.$2fast$0(OCoLC)fst00985154
=651  \7$aLibya.$2fast$0(OCoLC)fst01205534
=776  08$iOnline version:$aLibya.$tQānūn al-murāfaʻāt al-madanīyah wa-al-tijārīyah wa-qānūn nizām al-qaḍā.$d[Binghāzī : s.n., 1954?]$w(OCoLC)615748180
=880  1\$6110-01/(3/r$aليبيا.
=880  10$6245-02/(3/r$aقانون المرافعات المدنية والتجارية وقانون نظام القضاء :$bالجريدة الرسمية للمملكة الليبية المتحدة /$cنشرة بامر وزير العدل بتاريخ 20 فبراير 1954 عدد خاص, نشرت.
=880  \\$6260-00/(3/r$a[بنغازي؟$c١٩٥٤؟]

