=LDR  01633cam a2200361Ma 4500
=001  ocm83163197
=003  OCoLC
=005  20170328144648.6
=008  870506s1913\\\\sy\\\\\\\b\\\\000\0\ara\d
=040  \\$aPUL$beng$cPUL$dMEAUC$dOCLCF$dOCLCO$dOCLCQ
=066  \\$c(3
=035  \\$a(OCoLC)83163197
=043  \\$aa-sy---
=050  14$aDS99.H28$bS3 1913
=049  \\$aZYUU
=100  1\$6880-01$aṢābūnī, Aḥmad ibn Ibrāhīm.
=245  10$6880-02$aTārīkh Ḥamāh /$ctaʼlīf Aḥmad ibn Ibrāhīm al-Ṣābūnī.
=250  \\$6880-03$aal-Ṭabʻah 1.
=260  \\$6880-04$aḤamāh, Sūrīyā :$bBi-nafaqat Maktabat ʻUnwān al-Najāḥ,$c1913.
=300  \\$a171 pages ;$c21 cm
=336  \\$atext$btxt$2rdacontent
=337  \\$aunmediated$bn$2rdamedia
=338  \\$avolume$bnc$2rdacarrier
=500  \\$aThe book has been dated 1332 H. which = 1913-1914.
=651  \0$6880-05$aḤamāh (Syria)$xHistory.
=651  \7$aSyria$zḤamāh.$2fast$0(OCoLC)fst01216159
=655  \7$aHistory.$2fast$0(OCoLC)fst01411628
=776  08$iOnline version:$aṢābūnī, Aḥmad ibn Ibrāhīm.$tTārīkh Ḥamāh.$bal-Ṭabʻah 1.$dḤamāh, [Syria] Bi-nafaqat Maktabat ʻUnwān al-Najāḥ, 1332 [1913 or 1914]$w(OCoLC)656811930
=880  1\$6100-01/(3/r$aصابوني، أحمد بن ابراهيم.
=880  10$6245-02/(3/r$aتاريخ حماة /$cتأليف أحمد بن ابراهيم الصابوني.
=880  \\$6250-03/(3/r$aالطبعة 1.
=880  \\$6260-04/(3/r$aحماه، سوريا :$bبنفقة مكتبة عنوان النجاح،$c1913.
=880  \4$6651-05/(3/r$aحماة (سوريا)

