=LDR  01603cam a22004094a 4500
=001  ocm30322145
=003  OCoLC
=005  20141024210326.9
=008  090122s1989\\\\ir\\\\\\\b\\\\000\0\ara\\
=010  \\$a  2009366398
=040  \\$aDLC$beng$cDLC$dPUL$dOCLCO$dOCLCF$dOCLCQ
=066  \\$c(3$c(4
=035  \\$a(OCoLC)30322145
=050  00$aKBP370.G43$bA33 1989
=049  \\$aZYUU
=100  1\$6880-01$aGharavī, Muḥammad Ḥusayn,$d1878-1942.
=245  10$6880-02$aBuḥūth fī al-fiqh /$cli-Muḥammad Ḥusayn al-Iṣfahānī al-mutawaffá 1361 H.
=250  \\$6880-03$aal-Ṭabʻah 2.
=260  \\$6880-04$aQum :$bMuʼassasat al-Nashr al-Islāmī,$c1989.
=300  \\$a314 pages ;$c25 cm
=336  \\$atext$btxt$2rdacontent
=337  \\$aunmediated$bn$2rdamedia
=338  \\$avolume$bnc$2rdacarrier
=504  \\$aIncludes bibliographical references.
=505  0\$aṢalāt al-jamāʻah -- Ṣalāt al-musāfir -- al-Ijārah.
=650  \0$aIslamic law.
=650  \0$aLeases (Islamic law)
=650  \0$aPrayer$xIslam.
=650  \0$aShiites.
=650  \7$aIslamic law.$2fast$0(OCoLC)fst00979949
=650  \7$aLeases (Islamic law)$2fast$0(OCoLC)fst00995068
=650  \7$aPrayer$xIslam.$2fast$0(OCoLC)fst01074698
=650  \7$aShiites.$2fast$0(OCoLC)fst01115976
=880  1\$6100-01/(3/r$aغروي، محمد حسين،,$d1878-1942.
=880  10$6245-02/(3/r$aبحوث في الفقه /$cلمحمد حسين الإصفهاني المتوفى 1361 ھ.
=880  \\$6250-03/(3/r$aالطبعة 2.
=880  \\$6260-04/(3/r$aقم :$bمؤسسة النشر الإسلامي،$c1989.

