=LDR  01539cam a2200361Ma 4500
=001  ocm27325577
=003  OCoLC
=005  20150319135444.1
=008  840323s1939\\\\le\\\\\\\b\\\\000\0\ara\d
=040  \\$aPUL$beng$cPUL$dOCLCQ$dZAD$dOCLCF$dOCLCO$dOCLCQ$dOCL
=066  \\$c(3
=035  \\$a(OCoLC)27325577
=049  \\$aZYUU
=100  1\$6880-01$aIddih, Khalīl.
=245  10$6880-02$aHal yajūzu lil-Muslim an yaʻtabira al-masīḥī mushrikan aw kāfiran /$cbi-qalam Khalīl Iddih.
=260  \\$6880-03$aBayrūt :$bMaṭbaʻah al-Kāthūlīkīyah,$c1939.
=300  \\$a69 pages ;$c18 cm.
=336  \\$atext$btxt$2rdacontent
=337  \\$aunmediated$bn$2rdamedia
=338  \\$avolume$bnc$2rdacarrier
=490  1\$6880-04$aal-Masīḥīyah wa-al-Islām ;$v1
=500  \\$aTitle cover.
=650  \0$aIslam$xRelations$xChristianity.
=650  \0$aChristianity and other religions$xIslam.
=650  \7$aChristianity.$2fast$0(OCoLC)fst00859599
=650  \7$aInterfaith relations.$2fast$0(OCoLC)fst01353343
=650  \7$aIslam.$2fast$0(OCoLC)fst00979776
=830  \0$6880-05$aMasīḥīyah wa-al-Islām ;$v1.
=880  0\$6100-01/(3/r$aخليل اده.
=880  10$6245-02/(3/r$aهل يجوز للمسلم ان يعتبر المسيحي مشركا او كافرا /$cبقلم خليل اده.
=880  \\$6260-03/(3/r$aبيروت :$bمطبعة الكاثوليكية،$c١٩٣٩.
=880  1\$6490-04/(3/r$aالمسيحية والاسلام ؛$v١
=880  \0$6830-05/(3/r$aالمسيحية والاسلام ؛ ;$v١.

