=LDR  00813cam a2200253Ma 4500
=001  ocm40819463
=003  OCoLC
=005  20160202010941.7
=008  961025q19uuuuuuua\\\\\\\b\\\\000\0\ara\d
=040  \\$aHLS$beng$cHLS$dOCLCF$dOCLCO$dOCLCQ
=035  \\$a(OCoLC)40819463
=049  \\$aZYUU
=100  1\$aQaṣṣāṣ, Muḥammad Muḥammad.
=245  13$aal-Shiʻr fī al-ādāb al-Sāmiyah.
=260  \\$aal-Qāhirah :$bMaktabat al-Anjlū al-Miṣrīyah,$c[19--]
=300  \\$avolumes
=336  \\$atext$btxt$2rdacontent
=337  \\$aunmediated$bn$2rdamedia
=338  \\$avolume$bnc$2rdacarrier
=505  0\$aKitāb 1, qism 1. al-Shiʻr al-ʻIbrī.
=504  \\$aIncludes bibliographical references.
=650  \0$aJewish poetry.
=650  \7$aJewish poetry.$2fast$0(OCoLC)fst00982894
=752  \\$aEgypt$dCairo.

