=LDR  01675cam a2200349Ma 4500
=001  ocm83663988
=003  OCoLC
=005  20200705152356.8
=008  901206m19479999ir\\\\\\\\\\\\000\0\ara\d
=040  \\$aPUL$beng$cPUL$dOCLCF$dOCLCO$dOCLCQ$dPAU$dLGG
=066  \\$c(3$cArab
=019  \\$a31447223
=035  \\$a(OCoLC)83663988$z(OCoLC)31447223
=050  \4$aBP144$b.K4585 1947
=049  \\$aZYUU
=100  1\$6880-01$aKhūʼī, Abū al-Qāsim ibn ʻAlī Akbar,$d1899-
=240  10$6880-02$aAjwad al-taqrīrāt fī al-uṣūl
=245  13$aal-Juzʼ al-thānī min Kitāb ajwad al-taqrīrāt fī al-uṣūl /$clil-ʻallāmah Abī al-Qāsim al-Khūʼī al-Gharawī.
=260  \\$6880-03$aṬihrān :$bMaktabat al-Būdharjumihrī al-Muṣṭafawī,$c1367- [1947 or 1948]-
=300  \\$avolumes ;$c25 cm
=336  \\$atext$btxt$2rdacontent
=337  \\$aunmediated$bn$2rdamedia
=338  \\$avolume$bnc$2rdacarrier
=500  \\$aCover title.
=650  \0$aIslamic law$xInterpretation and construction.
=650  \7$aIslamic law$xInterpretation and construction.$2fast$0(OCoLC)fst00979955
=740  0\$aAjwad al-taqrīrāt fī al-uṣūl.
=740  0\$aKitāb ajwad al-taqrīrāt fī al-uṣūl.
=880  1\$6100-01$aخوئي، ابو القاسم بن علي اكبر،$d1899
=880  10$6240-02$aاجود التقريرات في الصول
=880  12$6245-00$aالمجلد الاول [الثاني] من كتاب اجود التقريرات في الصول /$cللعلامة ابي القاسم الخوئي الغروي.
=880  \\$6260-03$aطهران :$bمكتبة البوذرجمهري المصطفوي،$c1367 [1947 ر 1948]

