=LDR  01205cam a2200313Ma 4500
=001  ocm78202280
=003  OCoLC
=005  20200401122823.3
=008  840126m19819999ir\\\\\\\b\\\f000\0\arard
=010  \\$a   85193633 
=040  \\$aPUL$beng$cPUL$dOCLCF$dOCLCO$dOCLCQ$dOCL$dOCLCQ$dOCL
=035  \\$a(OCoLC)78202280
=043  \\$aa-iq---$aa-ir---
=050  0\$aDS318.85$b.S23 1983
=049  \\$aZYUU
=245  00$aṢadá al-ḥarb :$bmuqtaṭafāt mimmā katabath́u al-ṣihāfah al-ʻālamīyah wa-al-ʻArabīyah ʻan al-ḥarb al-dāʼirah bayna al-ʻIrāq wa-Īrān.
=250  \\$aal-Ṭabʻah 1.
=260  \\$aṬahrān :$bJumhūrīyat Īrān al-Islāmīyah, wizārat al-Irshād al-Islāmī,$c1402 [1981]->
=300  \\$avolumes ;$c21 cm
=336  \\$atext$btxt$2rdacontent
=337  \\$aunmediated$bn$2rdamedia
=338  \\$avolume$bnc$2rdacarrier
=504  \\$aIncludes bibliographical references.
=500  \\$aSubtitle varies.
=650  \0$aIran-Iraq War, 1980-1988.
=650  \0$aIran-Iraq War, 1980-1988$xPublic opinion.
=650  \7$aPublic opinion.$2fast$0(OCoLC)fst01082785
=647  \7$aIran-Iraq War$d(1980-1988)$2fast$0(OCoLC)fst00978774
=648  \7$a1980-1988$2fast

