=LDR  01398cam a2200325Ma 4500
=001  ocm26453190
=003  OCoLC
=005  20141007121045.1
=008  890131s1987\\\\ir\\\\\\\b\\\\000\0\ara\d
=040  \\$aPUL$beng$cPUL$dCLU$dOCLCQ
=066  \\$c(3
=035  \\$a(OCoLC)26453190
=050  14$aKBP3975$b.T35 1987
=049  \\$aZYUU
=100  1\$6880-01$aTaskhīrī, Muḥammad ʻAlī.
=245  10$6880-02$aNiẓām al-ʻuqūbāt al-Islāmīyah /$cal-muʼallif Muḥammad ʻAlī al-Taskhīrī.
=250  \\$6880-03$aal-Ṭabʻah 2., munaqqaḥah.
=260  \\$aṬihrān, Īrān :$bMunaẓẓamat al-Iʻlām al-Islāmī,$c1987.
=300  \\$a104 pages ;$c22 cm
=336  \\$atext$btxt$2rdacontent
=337  \\$aunmediated$bn$2rdamedia
=338  \\$avolume$bnc$2rdacarrier
=504  \\$aIncludes bibliographical references.
=650  \0$aPunishment (Islam)
=880  1\$6100-01/(3/r$a‏تسخيري، محمد علي.
=880  10$6240-00/(3/r$a‏نظرة في نظام العقوبات الإسلامية
=880  10$6245-02/(3/r$a‏نظام العقوبات الاسلامية /‏$c‏محمد علي التسخيري.
=880  3\$6246-00/(3/r$a‏نظرة في نظام العقوبات الاسلامية
=880  \\$6250-03/(3/r$a‏الطبعة 2.، منقحة.
=880  \\$6260-00/(3/r$a‏طهران :‏$b‏منظمة الاعلام الاسلامي،‏$c‏1987.

