=LDR  00911cam a2200253Mu 4500
=001  ocm79292150
=003  OCoLC
=005  20150512092222.6
=008  880808m19229999ua\c\\\\\\\\\\000\1\arard
=010  \\$a   74224202 
=040  \\$aPUL$beng$cPUL$dOCLCF$dOCLCO$dOCLCQ
=035  \\$a(OCoLC)79292150
=050  \\$aPJ7691$b.H3
=049  \\$aZYUU
=100  1\$aḤajjāj, Muḥammad Kāmil.
=245  10$aBalāghat al-Gharb,$baḥāsin al-maḥāsin wa-ghurar al-durar min qariḍ al-Gharb wa-natharih.$cʻArrabahu Muḥammad Kāmil Ḥajjāj.
=260  \\$aMiṣr,$bMaṭbaʻat al-Shams$c1922-
=300  \\$avolumes$bportraits$c24 cm
=336  \\$atext$btxt$2rdacontent
=337  \\$aunmediated$bn$2rdamedia
=338  \\$avolume$bnc$2rdacarrier
=650  \0$aLiterature, Modern$xTranslations into Arabic.
=650  \7$aLiterature, Modern.$2fast$0(OCoLC)fst01000172
=655  \7$aTranslations.$2fast$0(OCoLC)fst01423791

