=LDR  01994cam a22004091i 4500
=001  ocm09038682
=003  OCoLC
=005  20170223101018.3
=008  821210s1970\\\\iq\\\\\\\b\\\\000\0\arar\
=010  \\$a   72297459 
=040  \\$aDLC$beng$cDLC$dWAU$dIUL$dCUY$dEUM$dOCLCA$dOCLCQ$dOCLCF$dOCLCQ
=066  \\$c(3
=019  \\$a264969220
=029  1\$aAU@$b000027939414
=035  \\$a(OCoLC)9038682$z(OCoLC)264969220
=042  \\$apremarc
=050  00$aBP193$b.T34 1970
=049  \\$aZYUU
=100  1\$6880-01$aṬabarsī, al-Faḍl ibn al-Ḥasan,$d-1153.
=245  10$6880-02$aIʻlām al-wará bi-aʻlām al-hudá /$ctaʼlīf Abī ʻAlī al-Faḍl ibn al-Ḥasan al-Ṭabarsī. Qaddama lah Muḥammad Mahdī Ḥasan al-Kharsān.
=250  \\$6880-03$aal-Ṭabʻah 3.
=260  \\$6880-04$aal-Najaf :$bal-Maktabah al-Ḥaydarīyah,$c1970.
=300  \\$a487 pages ;$c26 cm
=336  \\$atext$btxt$2rdacontent
=337  \\$aunmediated$bn$2rdamedia
=338  \\$avolume$bnc$2rdacarrier
=500  \\$aCover title: Ielam al-wara belelam al-huda, by Abi Ali al-Phalhil ebin al-Hasan al-Tabersi.
=504  \\$aIncludes bibliographical references.
=650  \0$aImams (Shiites)
=600  04$aʻAlī ibn Abī Ṭālib,$cCaliph,$dapproximately 600-661.
=650  \7$aImams (Shiites)$2fast$0(OCoLC)fst00967650
=776  08$iOnline version:$aṬabarsī, al-Faḍl ibn al-Ḥasan, -1153.$tIʻlām al-wará bi-aʻlām al-hudá.$bal-Ṭabʻah 3.$dal-Najaf, al-Maktabah al-Ḥaydarīyah, 1970$w(OCoLC)551273606
=880  1\$6100-01/(3/r$aطبرسي، الفضل بن الحسن،,$d-1153.
=880  10$6245-02/(3/r$aإعلام الورى بأعلام الهدى /$cتأليف أبي علي الفضل بن الحسن الطبرسي ؛ قدم له محمد مهدي حسن الخرسان.
=880  \\$6250-03/(3/r$aالطبعة 3.
=880  \\$6260-04/(3/r$aالنجف :$bالمكتبة الحيدرية،$c1970.
=880  1\$6700-00/(3/r$aخرسان، حسن الموسوي.

