=LDR  00757cam a2200217K  4500
=001  ocm42866663
=003  OCoLC
=005  20150213093915.4
=008  991121s1955\\\\ua\\\\\\\\\\\\000\0\ara\d
=040  \\$aPUL$beng$cPUL$dOCLCQ$dOCLCO
=035  \\$a(OCoLC)42866663
=049  \\$aZYUU
=110  2\$aLeague of Arab States.$bal-Idārah al-Iqtiṣādīyah.
=245  10$aMuʼtamar wuzarāʼ al-māl wa-al-iqtiṣād al-ʻarabī, Bayrūt, 25-31 māyū ... 1953.
=246  30$aMuʼtamar wuzarāʼ al-māl wa-al-iqtiṣād al-ʻarabī
=260  \\$aCairo,$bMaṭbaʻat Jarīdat al-Ṣabāḥ,$c1955.
=300  \\$a454 pages$c28 cm
=336  \\$atext$btxt$2rdacontent
=337  \\$aunmediated$bn$2rdamedia
=338  \\$avolume$bnc$2rdacarrier
=546  \\$aIn Arabic.

