=LDR  00880cam a2200277Ma 4500
=001  ocm37582215
=003  OCoLC
=005  20141118151955.8
=008  970815s1989\\\\ir\\\\\\\b\\\\000\0\ara\d
=040  \\$aPUL$beng$cPUL$dOCLCQ$dOCLCF$dOCLCO$dOCLCQ
=035  \\$a(OCoLC)37582215
=041  1\$aara$hper
=050  14$aBP165$b.M87312 1989
=049  \\$aZYUU
=100  1\$aMuṭahharī, Murtaz̤á.
=240  10$aFiṭrat.$lArabic
=245  13$aal-Fiṭrah /$cMurtaḍá Muṭahharī.
=250  \\$aal-Ṭabʻah 1.
=260  \\$aṬihrān :$bQism al-Iʻlām al-Khārijī fī Muʼassasat al-Biʻthah,$c1410 [1989 or 1990]
=300  \\$a228 pages ;$c22 cm
=336  \\$atext$btxt$2rdacontent
=337  \\$aunmediated$bn$2rdamedia
=338  \\$avolume$bnc$2rdacarrier
=504  \\$aIncludes bibliographical references.
=650  \0$aIslam.
=650  \7$aIslam.$2fast$0(OCoLC)fst00979776

