=LDR  01400cam a2200265Ma 4500
=001  ocn316086554
=003  OCoLC
=005  20140826122031.0
=008  890303s1953\\\\ua\\\\\\\b\\\\001\0\arard
=040  \\$aLGG$beng$cLGG$dOCLCQ$dOCLCO$dOCLCF
=035  \\$a(OCoLC)316086554
=050  \4$aBP80.S48$bI25 1953a
=049  \\$aZYUU
=100  1\$aIbn Abī Ḥātim, ʻAbd al-Raḥmān ibn Muḥammad,$d854 or 855-938.
=245  10$aĀdāb al-Shāfiʻī wa-manāqibuh :$bḥadīthun wa-fiqhun. Firāstun wa-ṭibbun. Tārīkh wa-adabun. Lughatun wa-nasabun /$cAbī Muḥammad ʻAbd al-Raḥmān ibn Abī Ḥatim al-Rāzī ; kataba kalimah ʻanhu Muḥammad Zāhid ibn al-Ḥasan al-Kawtharī ; qaddama lahu ; wa-ḥaqqaqa aṣlahu, wa-ʻallaqa ʻalayhi ʻAbd al-Ghanī ʻAbd al-Khāliq.
=260  \\$a[Miṣr] :$bMaktabat Nashr al-Thaqāfah al-Islāmīyah,$c1382 [1953]
=300  \\$a388 pages ;$c25 cm
=336  \\$atext$btxt$2rdacontent
=337  \\$aunmediated$bn$2rdamedia
=338  \\$avolume$bnc$2rdacarrier
=504  \\$aIncludes bibliographical references and indexes.
=600  10$aShāfiʻī, Muḥammad ibn Idrīs,$d767 or 768-820$xCriticism and interpretation.
=600  17$aShāfiʻī, Muḥammad ibn Idrīs,$d767 or 768-820.$2fast$0(OCoLC)fst01846928
=655  \7$aCriticism, interpretation, etc.$2fast$0(OCoLC)fst01411635
=700  1\$aʻAbd al-Khāliq, ʻAbd al-Ghanī.

