=LDR  00939cam a2200253Ma 4500
=001  ocm35398884
=003  OCoLC
=005  20140608071736.0
=008  960828m19829999ir\\\\\\\b\\\\000\0\ara\d
=040  \\$aPUL$beng$cPUL$dOCLCQ$dOCLCA$dOCLCF
=035  \\$a(OCoLC)35398884
=050  14$aBP130.4$b.A473 1982
=049  \\$aZYUU
=100  1\$aĀl Shubayr al-Khāqānī, Muḥammad Muḥammad Ṭāhir.
=245  14$aal-ʻAql al-basharī fī tafsīr al-Qurʼān /$cli-Muḥammad Ṭāhir Āl Shubayr al-Khāqānī.
=260  \\$a[Qom] :$b[publisher not identified],$c1403- [1982]-$e([Qom] :$fMaṭbaʻat Mahr)
=300  \\$avolumes ;$c25 cm
=336  \\$atext$btxt$2rdacontent
=337  \\$aunmediated$bn$2rdamedia
=338  \\$avolume$bnc$2rdacarrier
=504  \\$aIncludes bibliographical references.
=630  00$aQurʼan$vCommentaries.
=630  07$aQurʼan.$2fast$0(OCoLC)fst01842877
=655  \7$aCommentaries.$2fast$0(OCoLC)fst01423723

