=LDR  01152cam a2200277Ia 4500
=001  ocn702671643
=003  OCoLC
=005  20160818080754.7
=008  110218s1961\\\\iq\\\\\\\\\\\\000\0\ara\d
=040  \\$aPUL$beng$cPUL$dOCLCF$dOCLCQ$dOCL
=066  \\$c(3
=035  \\$a(OCoLC)702671643
=049  \\$aZYUU
=100  1\$6880-01$aQazwīnī, Muḥammad al-Kāẓimī,$d1916 or 1917-
=245  13$6880-02$aal-Islām wa-wāqiʻ al-Muslim al-muʻāṣir /$cMuḥammad al-Kāẓimī al-Qazwīnī.
=260  \\$6880-03$aal-Najaf :$bMaṭbaʻat al-Gharī al-Ḥadithah,$c1381 [1961 or 1962]
=300  \\$a120 pages ;$c22 cm
=336  \\$atext$btxt$2rdacontent
=337  \\$aunmediated$bn$2rdamedia
=338  \\$avolume$bnc$2rdacarrier
=650  \0$aIslam$y20th century.
=650  \7$aIslam.$2fast$0(OCoLC)fst00979776
=648  \7$a1900-1999$2fast
=880  1\$6100-01/(3/r$aقزويني، محمد الكاظمي،,$d1916 or 1917-
=880  12$6245-02/(3/r$aالاسلام وواقع المسلم المعاصر /$cمحمد الكاظمي القزويني.
=880  \\$6260-03/(3/r$aالنجف :$bمطبعة الغري الحدثة،$c1381 [1961 or 1962]

