=LDR  01270cam a2200313Ma 4500
=001  ocm29685377
=003  OCoLC
=005  20180104143054.4
=008  940103s1925\\\\sy\\\\\\\\\\\\000\0\ara\d
=040  \\$aPUL$beng$cPUL$dOCLCG$dOCLCQ$dOCLCF$dOCLCO$dOCLCQ$dDHA
=066  \\$c(3$c(4
=035  \\$a(OCoLC)29685377
=084  \\$aPK4793
=049  \\$aZYUU
=100  1\$aʻIrāqī, ʻAbd al-Raḥīm ibn al-Ḥusayn,$d1325-1404.
=240  10$aQurab fī faḍl al-ʻArab
=245  10$aKitāb al-qurab fī faḍl al-ʻArab /$cli-Zayn al-Dīn ʻAbd al-Raḥīm ibn al-Ḥusayn al-ʻIrāqī.
=246  3\$aQurab fī faḍl al-ʻArab
=260  \\$aḤalab :$bal-Maṭbaʻah al-ʻIlmīyah,$c1344 [1925 or 1926]
=300  \\$a17 pages ;$c20 cm
=336  \\$atext$btxt$2rdacontent
=337  \\$aunmediated$bn$2rdamedia
=338  \\$avolume$bnc$2rdacarrier
=650  \0$aCivilization, Arab.
=650  \7$aCivilization, Arab.$2fast$0(OCoLC)fst00862967
=880  10$6240-00$aالقرب في فضل العرب
=880  10$6245-00$aکتاب القرب فى فضل العرب /$cزىن الدىن عبد الرحىم بن الحسىن العراقى.
=880  3\$6246-00$aقرب فى فضل العرب
=880  \\$6260-00$aحلب :$bالمطبعة العلمية,$c1344 [1926]

