=LDR  01203cam a2200277Ma 4500
=001  ocm81680185
=003  OCoLC
=005  20161211005459.3
=008  871210m19129999ua\ac\\\\\\\\\000\0\ara\d
=040  \\$aPUL$beng$cPUL$dOCLCG$dOCLCF$dOCLCO$dOCLCQ
=035  \\$a(OCoLC)81680185
=041  1\$aara$heng
=049  \\$aZYUU
=100  1\$aTreves, Sir Frederick,$cSir,$d1853-1923.
=240  10$aSurgical applied anatomy.$lArabic
=245  13$aal-Tashrīḥ al-jirāḥī /$ctaʼlīf Fridirīk Trīfus wa-Arthur Kīth ; taʻrīb Muḥammad ʻAbd al-Ḥamīd.
=250  \\$aal-Ṭabʻah 6.
=260  \\$a[Cairo] :$bMaṭbaʻat al-Maʻārif,$c1912-
=300  \\$avolumes :$billustrations (some color) ;$c20 cm
=336  \\$atext$btxt$2rdacontent
=337  \\$aunmediated$bn$2rdamedia
=338  \\$avolume$bnc$2rdacarrier
=650  \0$aAnatomy, Surgical and topographical.
=650  \7$aAnatomy, Surgical and topographical.$2fast$0(OCoLC)fst00808462
=700  1\$aKeith, Arthur,$cSir,$d1866-1955.
=776  08$iOnline version:$aTreves, Sir Frederick, Sir, 1853-1923.$sSurgical applied anatomy. Arabic.$tTashrīḥ al-jirāḥī.$bal-Ṭabʻah 6.$d[Cairo] : Maṭbaʻat al-Maʻārif, 1912-$w(OCoLC)780169059

