=LDR  00851cam a2200229Ma 4500
=001  ocm29685655
=003  OCoLC
=005  20150115193154.1
=008  940112s194u\\\\ua\\\\\\\\\\\\000\0\ara\d
=040  \\$aPUL$beng$cPUL$dOCLCQ$dOCLCO$dOCLCQ$dOCLCF
=035  \\$a(OCoLC)29685655
=049  \\$aZYUU
=100  1\$aṢaʻīdī, ʻAbd al-Mutaʻāl,$d1894-
=245  13$aal-Aqwal al-ḥisān fī ḥusn Naẓm al-Qurʼān /$ctaʼlīf ʼAbd al-Mutaʻāl al-Ṣaʻīdī.
=260  \\$aṬanṭā :$bal-Maṭbaʻah al-ʻUmumīyah,$c[194-]
=300  \\$a3 volumes in 1 ;$c20 cm
=336  \\$atext$btxt$2rdacontent
=337  \\$aunmediated$bn$2rdamedia
=338  \\$avolume$bnc$2rdacarrier
=630  00$aQurʼan$xCriticism, interpretation, etc.
=630  07$aQurʼan.$2fast$0(OCoLC)fst01842877
=655  \7$aCriticism, interpretation, etc.$2fast$0(OCoLC)fst01411635

