=LDR  02190cam a2200409Mi 4500
=001  ocm27883315
=003  OCoLC
=005  20200818092700.1
=008  830304m19589999ir\\\\\\\\\\\\000\0\ara\d
=040  \\$aPUL$beng$cPUL$dOCLCQ$dOCLCG$dOCLCQ$dOCLCA$dOCLCQ$dOCLCO$dOCLCF$dLGG$dEYM$dERL
=066  \\$c(3$c(4
=035  \\$a(OCoLC)27883315
=050  \4$aBP156$b.H5618 1958
=049  \\$aZYUU
=100  1\$aNajafī, Muḥammad Ḥasan ibn Bāqir,$dapproximately 1788-1850.
=245  10$6880-01$aJawāhir al-Kalām fī sharḥ Sharāʼiʻ al-Islām.
=260  \\$aNajaf :$bDār al-Kutub al-Islāmīyah,$c1378- [1958/59]-
=300  \\$avolumes ;$c25 cm
=336  \\$atext$btxt$2rdacontent
=337  \\$aunmediated$bn$2rdamedia
=338  \\$avolume$bnc$2rdacarrier
=500  \\$a6th ed.
=500  \\$aPlace of publication varies.
=500  \\$aVols. 26-28 edited by ʻAlī al-Ajwandī; vols. 29-40 edited by Maḥmūd al-Qūchānī; vols. 41- edited by Riḍā al-Ustādī.
=530  \\$aAlso issued online.
=600  10$6880-02$aMuḥaqqiq al-Ḥillī, Jaʻfar ibn al-Ḥasan,$d1205 or 1206-1277.$tSharāʼiʻ al-Islām.
=630  07$aSharāʼiʻ al-Islām (Muḥaqqiq al-Ḥillī, Jaʻfar ibn al-Ḥasan)$2fast$0(OCoLC)fst01370927
=700  1\$aAjwandī, ʻAlī.
=700  1\$aQūchānī, Maḥmūd.
=700  1\$aUstādī, Riz̤ā.
=776  08$iOnline version:$aNajafī, Muḥammad Ḥasan ibn Bāqir, approximately 1788-1850.$tJawāhir al-Kalām fī sharḥ Sharāʼiʻ al-Islām.$dNajaf, Dār al-Kutub al-Islāmīyah, 1378- [1958/59]-$w(OCoLC)557519365
=880  1\$6100-00/(3/r$aنجفي، محمد حسن بن محمد باقر.
=880  10$6245-01/(3/r$aجواهر الكلام في شرح شرائع الإسلام /$cتأليف محمد حسن النجفي ؛ حققه و علق عليه و أشرف على نشره عباس القوچاني.
=880  \\$6250-00/(3/r$aالطبعة ٦.
=880  \\$6260-00/(3/r$aنجف :$bدار الكتب الإسلامية،$c١٣٧٨-
=880  14$6600-02/(3/r$aمحقق الحلي، جعفر بن الحسن.$tشرائع الإسلام.
=880  1\$6700-00/(3/r$aقوچاني، عباس.

