=LDR  00894cam a2200241Ma 4500
=001  ocm81572915
=003  OCoLC
=005  20190505170430.4
=008  871211s1937\\\\ua\abf\\\\\\\f000\0\ara\d
=040  \\$aPUL$beng$cPUL$dOCLCF$dOCLCO$dOCLCQ$dOCLCA
=035  \\$a(OCoLC)81572915
=043  \\$af-ua---
=049  \\$aZYUU
=100  1\$aRashād, Ibrāhīm.
=245  10$aWājibunā al-taʻāwunī baʻda al-muʻāhadah /$cmuḥāḍarah alqāhā Ibrāhīm Rashād.
=260  \\$aal-Qāhirah :$bWizārat al-Mālīyah, Qism al-Taʻāwun,$c1937.
=300  \\$a20 pages, 26 unnumbered pages of plates :$billustrations, map ;$c25 cm
=336  \\$atext$btxt$2rdacontent
=337  \\$aunmediated$bn$2rdamedia
=338  \\$avolume$bnc$2rdacarrier
=650  \0$aCooperative societies$zEgypt.
=650  \7$aCooperative societies.$2fast$0(OCoLC)fst00878181
=651  \7$aEgypt.$2fast$0(OCoLC)fst01208755

