=LDR  01332cam a2200301Ma 4500
=001  ocm25344942
=003  OCoLC
=005  20141004185241.0
=008  880812q19801988ir\\\\\\\\\\\\000\0\ara\d
=040  \\$aPUL$beng$cPUL$dIXA$dOCL$dOCLCQ$dOCLCF$dOCLCQ$dOCLCO
=019  \\$a22284296
=035  \\$a(OCoLC)25344942$z(OCoLC)22284296
=050  \4$aBJ1291$b.I26 1980z
=049  \\$aZYUU
=100  1\$aIbn Maʻṣūm, ʻAlī ibn Aḥmad,$d1642 or 1643-1707 or 1708.
=245  10$aRiyāḍ al-sālikīn :$bsharḥ al-Saḥifah al-sajjādīyah /$clil-ʻālim ʻAlī Khān ibn al-Sayyid Aḥmad al-Ḥusaynī al-maʻrūf bi-ibn Maʻṣūm al-Madanī.
=260  \\$a[Iran] :$bMuʼassasat Āl al-Bayt ;$aMashhad, Īrān :$bYuṭlabu min Muʼassasat Ṭūs,$c1980.
=300  \\$a587, 9 pages ;$c35 cm
=336  \\$atext$btxt$2rdacontent
=337  \\$aunmediated$bn$2rdamedia
=338  \\$avolume$bnc$2rdacarrier
=500  \\$aTitle page partially vocalized.
=534  \\$pReprint. Originally published :$c1334 [1915 or 1916].
=630  00$aṢaḥīfah al-kāmilah.
=650  \0$aShīʻah$xCustoms and practices$vEarly works to 1800.
=630  07$aṢaḥīfah al-kāmilah.$2fast$0(OCoLC)fst01376375
=650  \7$aShīʻah$xCustoms and practices.$2fast$0(OCoLC)fst01117947
=655  \7$aEarly works.$2fast$0(OCoLC)fst01411636

