=LDR  01155cam a2200301Ma 4500
=001  ocm42037194
=003  OCoLC
=005  20141211200722.4
=008  990722s1982\\\\ir\\\\\\\b\\\\000\0\ara\d
=040  \\$aPUL$beng$cPUL$dOCLCF$dOCLCO$dOCLCQ
=035  \\$a(OCoLC)42037194
=043  \\$aa-su---
=050  14$aBP187.3$b.J366 1982
=049  \\$aZYUU
=100  1\$aJannātī, Muḥammad Ibrāhīm.
=245  10$aKaffārāt al-iḥrām /$ctaʼlīf Muḥammad Ibrāhīm al-Jannātī.
=250  \\$aal-Ṭabʻah 1.
=260  \\$a[Iran] :$bM.I. al-Jannātī,$c1402 [1982]
=300  \\$a271 pages ;$c24 cm
=336  \\$atext$btxt$2rdacontent
=337  \\$aunmediated$bn$2rdamedia
=338  \\$avolume$bnc$2rdacarrier
=500  \\$aIncludes hadith extracted from Wasāʼil al-Shīʻah.
=504  \\$aIncludes bibliographical references.
=650  \0$aMuslim pilgrims and pilgrimages$zSaudi Arabia$zMecca.
=650  \7$aMuslim pilgrims and pilgrimages.$2fast$0(OCoLC)fst01030970
=651  \7$aSaudi Arabia$zMecca.$2fast$0(OCoLC)fst01204780
=700  12$aḤurr al-ʻĀmilī, Muḥammad ibn al-Ḥasan,$d1624-1693.$tWasāʼil al-Shīʻah.$kSelections.

