=LDR  01433cam a2200349 a 4500
=001  ocm13329776
=003  OCoLC
=005  20180822161657.9
=008  850301s1982\\\\ir\\\\\\\b\\\\000\0\arar\
=010  \\$a   85124480 
=040  \\$aDLC$beng$cDLC$dOCL$dOCLCO$dOCLCF$dOCLCQ$dOCLCO$dOCL$dOCLCO$dPAU$dUUM
=066  \\$c(3$c(4
=035  \\$a(OCoLC)13329776
=041  1\$aara$hper
=050  0\$aBP170$b.H37 1982
=049  \\$aZYUU
=100  1\$6880-01$aHāshimīʹnizhād, ʻAbd al-Karīm.
=245  10$6880-02$aShubuhāt wa-ḥulūl /$cʻAbd al-Karīm Hāshīmīʹnizhād.
=260  \\$a[Tihrān] :$bMunaẓẓamat al-Iʻlām al-Islāmī, Qism al-ʻAlāqāt al-Dawlīyah,$c1982.
=300  \\$a97 pages ;$c22 cm
=336  \\$atext$btxt$2rdacontent
=337  \\$aunmediated$bn$2rdamedia
=338  \\$avolume$bnc$2rdacarrier
=504  \\$aIncludes bibliographical references.
=650  \0$aIslam$vApologetic works.
=650  \0$aShīʻah$vApologetic works.
=650  \7$aIslam.$2fast$0(OCoLC)fst00979776
=650  \7$aShīʻah.$2fast$0(OCoLC)fst01117946
=655  \7$aApologetic writings.$2fast$0(OCoLC)fst01423698
=880  0\$6100-01/(3/r$aعبد الكريم هاشمى‌نژاد.
=880  10$6245-02/(3/r$aشبهات وحلول /$cعبد الكريم هاشمى‌نژاد.
=880  \\$6260-00/(3/r$a[Tehran] :$bمنظمة الاعلام الاسلامي، قسم العلاقات الدولية،$c١٩٨٢.

