=LDR  00991cam a2200277I  4500
=001  ocm07719799
=003  OCoLC
=005  20150409082725.0
=008  810902s1960\\\\sy\ac\\\\\\\\\000\0\ara\d
=040  \\$aNSA$beng$cNSA$dOCL$dOCLCG$dOCLCQ$dOCLCF$dOCLCQ$dOCLCO
=035  \\$a(OCoLC)7719799
=050  \4$aJX1662$b.F28
=049  \\$aZYUU
=100  1\$aFawq al-ʻĀdah, Samūḥī,$d1910-
=245  10$aAl-Diblūmasiyah wa-al Birutūkūl.
=260  \\$a[Damascus],$c[1960]
=300  \\$a[vi, 373] pages :$bportrait
=336  \\$atext$btxt$2rdacontent
=337  \\$aunmediated$bn$2rdamedia
=338  \\$avolume$bnc$2rdacarrier
=500  \\$aIncludes glossary of diplomatic terms in French, English and Arabic.
=650  \0$aDiplomatic etiquette.
=650  \0$aArabic language$vGlossaries, vocabularies, etc.
=650  \7$aArabic language.$2fast$0(OCoLC)fst00812287
=650  \7$aDiplomatic etiquette.$2fast$0(OCoLC)fst00894384
=655  \7$aGlossaries, vocabularies, etc.$2fast$0(OCoLC)fst01423786

