=LDR  01710cam a2200349Ma 4500
=001  ocm26670430
=003  OCoLC
=005  20180822163157.6
=008  890308s1982\\\\ir\\\\\\\\\\\\000\0\ara\d
=040  \\$aPUL$beng$cPUL$dOCLCG$dOCLCQ$dOCLCF$dOCLCQ$dOCL$dOCLCO$dPAU
=066  \\$c(3
=019  \\$a35048782
=035  \\$a(OCoLC)26670430$z(OCoLC)35048782
=050  \4$aBP173.5$b.A442 1982
=049  \\$aZYUU
=100  1\$aĀl Kāshif al-Ghiṭā, Muḥammad al-Ḥusayn,$d1877-1954.
=245  13$6880-01$aal-Muthul al-ʻulyā fī al-Islām lā fī Biḥamdūn /$cli-samāḥat al-Imām Muḥammad al-Ḥusayn Āl Kāshif al-Ghiṭāʼ.
=250  \\$6880-02$aal-Ṭabʻah 1.
=260  \\$aṬihrān, al-Jumhūrīyah al-Islāmīyah fī Īrān :$bMunaẓẓamat al-Iʻlām al-Islāmī, Qism al-ʻAlāqāt al-Dawlīyah,$c1403 [1982 or 1983]
=300  \\$a80 pages ;$c22 cm
=336  \\$atext$btxt$2rdacontent
=337  \\$aunmediated$bn$2rdamedia
=338  \\$avolume$bnc$2rdacarrier
=650  \0$aIslam and world politics.
=650  \0$aIslam$xRelations$xChristianity.
=650  \7$aChristianity.$2fast$0(OCoLC)fst00859599
=650  \7$aInterfaith relations.$2fast$0(OCoLC)fst01353343
=650  \7$aIslam.$2fast$0(OCoLC)fst00979776
=650  \7$aIslam and world politics.$2fast$0(OCoLC)fst00979897
=880  13$6245-01$aالمثل العليا في الاسلام لا في بحمدون /$cلمحمد الحسين آل كاشف الغطاء.
=880  \\$6250-02$aالطبعة 1.
=880  \\$6260-00$aطهران، الجمهورية الاسلامية الايرانية :$bمنظمة الاعلام الاسلامي، قسم العلاقات الدولية،$c1403 [1982 أو 1983]

