=LDR  01005cam a2200265Ma 4500
=001  ocm22319819
=003  OCoLC
=005  20150315213948.1
=008  890412s1983\\\\ir\\\\\\\b\\\\000\0\ara\d
=040  \\$aPUL$beng$cPUL$dOCLCQ$dOCLCF$dOCLCQ$dOCLCO
=019  \\$a33856672
=035  \\$a(OCoLC)22319819$z(OCoLC)33856672
=049  \\$aZYUU
=100  1\$aʻAwdah, ʻAbd al-Qādir.
=245  13$aal-Māl wa-al-ḥukm fī al-Islām /$cʻAbd al-Qādir ʻAwdah.
=260  \\$aṬihrān, al-Jumhūrīyah al-Islāmīyah al-Īrānīyah :$bMunaẓẓamat al-Iʻlām al-Islāmī,$c1404 [1983 or 1984]
=300  \\$a143 pages ;$c17 cm
=336  \\$atext$btxt$2rdacontent
=337  \\$aunmediated$bn$2rdamedia
=338  \\$avolume$bnc$2rdacarrier
=504  \\$aIncludes bibliographical references.
=650  \0$aIslam and state.
=650  \0$aEconomics$xReligious aspects$xIslam.
=650  \7$aEconomics$xReligious aspects$xIslam.$2fast$0(OCoLC)fst00902190
=650  \7$aIslam and state.$2fast$0(OCoLC)fst00979890

