=LDR  01255cam a2200289Ma 4500
=001  ocm26670436
=003  OCoLC
=005  20190712183024.5
=008  890308s1987\\\\ir\\\\\\\b\\\\000\0\ara\d
=040  \\$aPUL$beng$cPUL$dOCLCQ$dOCLCO$dOCLCQ$dOCLCF$dOCL$dOCLCO
=035  \\$a(OCoLC)26670436
=049  \\$aZYUU
=100  1\$aʻĀmilī, Ḥasan Muḥammad Makkī.
=245  10$aQāʻidatān fiqhīyatān :$bal-lā-ḍarār wa-al-riḍāʻ : taqrīran li-abḥāth ustādhinā al-ʻallāmah al-muḥaqqiq al-kabīr al-Shaykh Jaʻfar al-Subḥānī /$cbi-qalam Ḥasan Makkī al-ʻĀmilī.
=250  \\$aal-Ṭabʻah 1.
=260  \\$a[Qum] :$bMuʼassasat Sayyid al-Shuhadāʼ,$c1408 [1987 or 1988]
=300  \\$a248 pages ;$c24 cm.
=336  \\$atext$btxt$2rdacontent
=337  \\$aunmediated$bn$2rdamedia
=338  \\$avolume$bnc$2rdacarrier
=490  1\$aMuʼassasat Sayyid al-Shuhadāʼ ;$v7
=504  \\$aIncludes bibliographical references.
=650  \0$aBreastfeeding$xReligious aspects$xIslam.
=650  \0$aDamages (Islamic law)
=650  \7$aBreastfeeding$xReligious aspects$xIslam.$2fast$0(OCoLC)fst02004821
=650  \7$aDamages (Islamic law)$2fast$0(OCoLC)fst00887278
=830  \0$aMuʼassasat Sayyid al-Shuhadāʼ (Series) ;$v7.

