=LDR  01444cam a2200337Mi 4500
=001  ocm13882764
=003  OCoLC
=005  20161208213648.4
=008  850604s1974\\\\ir\h\\\\\b\\\\000\0\arard
=040  \\$aNYP$beng$cNYP$dOCL$dOCLCG$dOCLCA$dHLS$dOCLCQ$dOCLCO$dOCLCA$dOCLCF$dOCLCQ
=029  1\$aGBVCP$b869247824
=035  \\$a(OCoLC)13882764
=050  \4$aBP193.1.A3$bB33 1972
=049  \\$aZYUU
=100  1\$aBaḥrānī, Hāshim ibn Sulaymān,$d-approximately 1696.
=245  13$aal-Lawāmiʻ al-nūrānīyah fī asmāʼ ʻAlī wa-ahl baytihi al-Qurʼānīyah /$cli-al-Sayyid H⁻ashim al-Ḥusaynī al-Baḥrānī.
=250  \\$aal-Ṭabʻah 1.
=260  \\$aQum :$bal-Maṭbaʻah al-ʻIlmīyah. Tubiʻa bi-nafaqat al-Ḥājj Abū al-Qāsim al-Sālik,$c1974.
=300  \\$a3, 551 pages :$bfacsimile ;$c24 cm
=336  \\$atext$btxt$2rdacontent
=337  \\$aunmediated$bn$2rdamedia
=338  \\$avolume$bnc$2rdacarrier
=504  \\$aIncludes bibliographical references.
=500  \\$aIn Arabic.
=600  00$aʻAlī ibn Abī Ṭālib,$cCaliph,$dapproximately 600-661.
=650  \0$aShiites.
=630  00$aQurʼan$xCriticism, interpretation, etc.
=600  07$aʻAlī ibn Abī Ṭālib,$cCaliph,$dapproximately 600-661$2fast$0(OCoLC)fst01804105
=630  07$aQurʼan.$2fast$0(OCoLC)fst01842877
=650  \7$aShiites.$2fast$0(OCoLC)fst01115976
=655  \7$aCriticism, interpretation, etc.$2fast$0(OCoLC)fst01411635

