=LDR  01684cam a2200349Ia 4500
=001  ocm26670432
=003  OCoLC
=005  20150311012116.8
=008  890308s1985\\\\ir\\\\\\\b\\\\000\0\arard
=040  \\$aPUL$beng$cPUL$dWAU$dOCLCQ$dOCLCF$dOCLCQ$dOCLCO
=066  \\$c(3
=019  \\$a33856628
=035  \\$a(OCoLC)26670432$z(OCoLC)33856628
=050  \4$aBP183.6$b.T37 1985
=049  \\$aZYUU
=100  1\$6880-01$aTaskhīrī, Muḥammad ʻAlī.
=245  10$6880-02$aṢalāt al-Jumʻah wa-al-riwāyāt al-mushtarakah ḥawlahā /$cMuḥammad ʻAlī al-Taskhīrī, Maḥmūd Qānṣūh.
=250  \\$6880-03$aal-Ṭabʻah 1.
=260  \\$aṬihrān, al-Jumhūrīyah al-Islāmīyah fī Īrān :$bMuʻāwanīyat al-ʻAlāqāt al-Dawlīyah fī Munaẓẓamat al-Iʻlām al-Islāmī,$c1985.
=300  \\$a138 pages ;$c17 cm
=336  \\$atext$btxt$2rdacontent
=337  \\$aunmediated$bn$2rdamedia
=338  \\$avolume$bnc$2rdacarrier
=504  \\$aIncludes bibliographical references.
=650  \0$aIslamic sermons.
=650  \7$aIslamic sermons.$2fast$0(OCoLC)fst00980058
=700  1\$6880-04$aQānṣūh, Maḥmūd.
=880  1\$6100-01/(3/r$aتسخيري، محمد علي.
=880  10$6245-02/(3/r$aصلاة الجمعة والروايات المشتركة حولها /$cمحمد علي التسخيري ، محمود قانصوه.
=880  \\$6250-03/(3/r$aالطبعة 1.
=880  \\$6260-00/(3/r$aتهران، الجمهورية الاسلامية في ايران :$bمعاونية الرئاسة للعلاقات الدولية في منظمة الاعلام الاسلامى،$c1985.
=880  1\$6700-04/(3/r$aقانصوه، محمود.

