=LDR  02409cam a2200421Ma 4500
=001  ocm22176481
=003  OCoLC
=005  20190202013732.3
=008  900417s1988\\\\ir\\\\\\\\\\\\001\0\araod
=040  \\$aCGU$beng$cCGU$dOCLCG$dLGG$dOCLCA$dOCLCQ$dOCLCF
=066  \\$c(3$c(4
=035  \\$a(OCoLC)22176481
=041  0\$aara$aper
=050  \4$aBP193.1.A2$bS53246 1988
=049  \\$aZYUU
=100  1\$aBayhaqī, Abū al-Ḥasan ʻAlī ibn Zayd,$d1106-1169 or 1170.
=245  10$6880-01$aMaʻārij Nahj al-balāghah /$ctaʼlīf Ẓahīr al-Dīn Abī al-Ḥasan ʻAlī ibn Zayd al-Bayhaqī ; ḥaqqaqahu wa-qaddama lahu Muḥammad Taqī Dānashʹpazhūh ; ishrāf Maḥūd al-Marʻishī.
=250  \\$6880-02$aal-Ṭabʻah 1.
=260  \\$aQumm :$bMaktabat Āyat Allāh al-ʻUẓmá al-Marʻishī al-Najafī,$c1409 [1988]
=300  \\$a468 pages ;$c24 cm.
=336  \\$atext$btxt$2rdacontent
=337  \\$aunmediated$bn$2rdamedia
=338  \\$avolume$bnc$2rdacarrier
=490  1\$aMin makhṭūāt Āyat Allā al-Marʻishī ;$v27
=500  \\$aAttributed to the fourth caliph, ʻAlī ibn Abī Ṭālib, the Nahj was compiled by al-Raḍī.
=500  \\$aIntroduction in Persian.
=600  10$aSharīf al-Raḍī, Muḥammad ibn Ḥ,$d969 or 970-1016.$tNahj al-balāghah.
=600  00$aʻAlī ibn Abī Ṭālib,$cCaliph,$dapproximately 600-661.
=600  07$aʻAlī ibn Abī Ṭālib,$cCaliph,$dapproximately 600-661.$2fast$0(OCoLC)fst01804105
=700  1\$6880-03$aDānishʹpazhūh, Muḥammad Taqī.
=830  \0$aMin makhṭūāt Āyat Allā al-Marʻishī ;$v27.
=880  1\$6100-00/(3/r$aبيهقي، علي بن زيد.
=880  10$6245-01/(3/r$aمعارج نهج البلاغة /$cتأليف ظهير الدين ابي الحسن علي بن زيد البيهقي ؛ حققه وقدم له محمد تقي دانش پژوه ؛ اشراف محمود المرعشي.
=880  \\$6250-02/(3/r$aالطبعة 1.
=880  \\$6260-00/(3/r$aقم :$bمكتبة آية الله العظمى المرعشي النجفي،$c1409 [1988 or 1989]
=880  1\$6490-00/(3/r$aمن مخطوطات مكتبة آية الله العظمى المرعشي العامة ؛$v27
=880  1\$6700-03/(3/r$aدانشپژوه، محمد تقي.
=880  \0$6830-00/(3/r$aمن مخطوطات مكتبة آية الله العظمى المرعشي العامة ؛ ;$v27.

