=LDR  01235cam a2200301Ma 4500
=001  ocm34094858
=003  OCoLC
=005  20191018230428.1
=008  960109s1989\\\\ir\\\\\\\b\\\\000\0bara\d
=040  \\$aPUL$beng$cPUL$dOCL$dOCLCG$dOCLCA$dOCLCQ$dOCLCO$dOCLCA$dOCLCQ$dOCLCF$dOCLCO$dOCL
=035  \\$a(OCoLC)34094858
=050  14$aBP193.15.A3$bM823 1989
=049  \\$aZYUU
=100  1\$aMudarrisī, Muḥammad Taqī.
=245  13$aal-Imām al-Bāqir, ʻalayhi al-salām, qudwah wa-uswah /$c[Muḥammad Taqī al-Mudarrisī].
=246  3\$aImām al-Bāqir (ʻA) qudwah wa-uswah
=250  \\$aal-Ṭabʻah 1.
=260  \\$a[Iran] :$bMaktab al-al-ʻAllāmah al-Mudarrisī,$c1410 [1989 or 1990]
=300  \\$a72 pages ;$c22 cm
=336  \\$atext$btxt$2rdacontent
=337  \\$aunmediated$bn$2rdamedia
=338  \\$avolume$bnc$2rdacarrier
=504  \\$aIncludes bibliographical references.
=600  00$aMuḥammad al-Bāqir ibn ʻAlī Zayn al-ʻĀbidīn,$d-731 or 732.
=650  \0$aImams (Shiites)$vBiography.
=600  07$aMuḥammad al-Bāqir ibn ʻAlī Zayn al-ʻĀbidīn,$d-731 or 732.$2fast$0(OCoLC)fst01836277
=650  \7$aImams (Shiites)$2fast$0(OCoLC)fst00967650
=655  \7$aBiographies.$2fast$0(OCoLC)fst01919896

