=LDR  01744cam a2200313Ma 4500
=001  ocm29745545
=003  OCoLC
=005  20180210050116.8
=008  940113s1880\\\\sy\\\\\\\\\\\\000\0\ara\d
=040  \\$aPUL$beng$cPUL$dOCLCQ$dOCLCF$dOCLCO$dOCLCQ$dHLS
=066  \\$c(3
=035  \\$a(OCoLC)29745545
=049  \\$aZYUU
=100  1\$6880-01$aAnṣārī, Muḥammad Tawfīq al-Ayyūbī.
=240  10$6880-02$aTaʻrīb sharḥ al-qawāʻid al-kullīyah allatī fī awwal Majallat al-Aḥkām al-ʻAdlīyah
=245  10$6880-03$aKitāb taʻrīb sharḥ al-qawāʻid al-kullīyah allatī fī awwal Majallat al-Aḥkām al-ʻAdlīyah /$cMuḥammad Tawfīq al-Ayyūbī al-Anṣārī.
=246  3\$6880-04$aTaʻrīb sharḥ al-qawāʻid al-kullīyah allatī fī awwal Majallat al-Aḥkām al-ʻAdlīyah
=260  \\$6880-05$aDimashq :$bMaṭbaʻat Ḥabīb Khālid,$c1298 [1880 or 1881]
=300  \\$a55 pages ;$c20 cm
=336  \\$atext$btxt$2rdacontent
=337  \\$aunmediated$bn$2rdamedia
=338  \\$avolume$bnc$2rdacarrier
=650  \0$aIslamic law.
=650  \7$aIslamic law.$2fast$0(OCoLC)fst00979949
=880  1\$6100-01$aانصاري، محمد توفيق الايوبي.
=880  10$6240-02$aتعريب شرح القواعد الكلية التي في اول مجلة الاحكام العدلية
=880  10$6245-03$aكتاب تعريب شرح القواعد الكلية التي في اول مجلة الاحكام العدلية /$cمحمد توفيق الايوبي الانصاري.
=880  3\$6246-04$aتعريب شرح القواعد الكلية التي في اول مجلة الاحكام العدلية
=880  \\$6260-05$aدمشق :$bمطبعة حبيب خالد،$c1298 [1880 او 1881]

