=LDR  00730cam a2200217K  4500
=001  ocm42857466
=003  OCoLC
=005  20141208033302.9
=008  991119s1932\\\\sy\\\\\\\\\\\\000\0\ara\d
=040  \\$aPUL$beng$cPUL$dOCLCQ
=035  \\$a(OCoLC)42857466
=049  \\$aZYUU
=100  1\$aal-Dahhān, ʻAbd al-Qādir.
=245  13$aal-Sulūk al-khādimah li-jamīʻ al-ṭuruq.$cJamʻ ʻAbd al-Qādir al-Dahhān wa-Muḥammad Rajab al-Ṭāʼī.
=260  \\$aAleppo,$bal-Maṭbaʻah al=ʻIlmīyah,$c1351 [1932/3]
=300  \\$a48 pages$c17 cm
=336  \\$atext$btxt$2rdacontent
=337  \\$aunmediated$bn$2rdamedia
=338  \\$avolume$bnc$2rdacarrier
=546  \\$aIn Arabic.
=700  1\$aal-Ṭāʼī, Muḥummad Rajab,$eauthor.

