=LDR  00851cam a2200265K  4500
=001  ocm18300393
=003  OCoLC
=005  20140907205643.1
=008  880802s1957\\\\sy\\\\\\\\\\\\000\0\arard
=040  \\$aWAU$beng$cWAU$dOCLCG$dOCLCQ$dOCLCA$dOCLCF$dOCLCQ$dOCLCO
=035  \\$a(OCoLC)18300393
=041  1\$aara$hurd
=050  \4$aBP161.2$b.M38
=049  \\$aZYUU
=100  1\$aMaudoodi, Syed Abul ʻAla,$d1903-1979.
=245  10$aMabādiʼ al-Islām.
=260  \\$aDamascus,$bMaktabat al-Shabāb al-Muslim$c[1957]
=300  \\$a144 pages.
=336  \\$atext$btxt$2rdacontent
=337  \\$aunmediated$bn$2rdamedia
=338  \\$avolume$bnc$2rdacarrier
=490  0\$aDhakhāʼir al-Fikr al-Islāmī,$vv. 1
=500  \\$aTranslated from Urdu into Arabic by Muḥammad ʻĀsim al-Ḥaddād.
=650  \0$aIslam.
=650  \7$aIslam.$2fast$0(OCoLC)fst00979776

