=LDR  01626cam a2200289Ma 4500
=001  ocm29834579
=003  OCoLC
=005  20191017142033.0
=008  940201s1868\\\\le\\\\\\\\\\\\000\0cara\d
=040  \\$aPUL$beng$cPUL$dOCL$dOCLCG$dOCLCA$dOCLCQ$dOCLCO$dOCLCA$dOCLCQ$dOCLCF$dOCL
=035  \\$a(OCoLC)29834579
=049  \\$aZYUU
=100  1\$aMaẓlūm, Maksīmūs ibn Jurjis,$d1779 or 1780-1854 or 1855.
=240  10$aKanz al-ʻibād al-thamīn fī akhbār al-qiddīsīn
=245  10$aKitāb Kanz al-ʻibād al-thamīn fī akhbār al-qiddīsīn /$ctaʼlīf al-Sayyid Maksīmūs Maẓlūm Baṭriyark ṭāʼifat al-Rūm al-Malkīyīn al-Kāthūlīkīyīn.
=246  3\$aKanz al-ʻibād al-thamīn fī akhbār al-qiddīsīn
=250  \\$aṬabʻah 2.
=260  \\$a[Beirut] :$bMaṭbaʻat Ḥannā al-Najjār,$c1868.
=300  \\$avolumes ;$c27 cm
=336  \\$atext$btxt$2rdacontent
=337  \\$aunmediated$bn$2rdamedia
=338  \\$avolume$bnc$2rdacarrier
=500  \\$a"Al-Mujallad al-thānī yashtamil ʻalá akhbār al-qiddīsīn al-mudawwanah asmāʼuhum wa-akhbāruhum fī al-mīnāwun al-Yūnānī wa-al-ʻAarabi."
=650  \0$aChristian saints$vBiography.
=650  \7$aChristian saints.$2fast$0(OCoLC)fst00859491
=655  \7$aBiographies.$2fast$0(OCoLC)fst01919896
=776  08$iOnline version:$aMaẓlūm, Maksīmūs ibn Jurjis, 1779 or 80-1854 or 5.$sKanz al-ʻibād al-thamīn fī akhbār al-qiddīsīn.$tKitāb Kanz al-ʻibād al-thamīn fī akhbār al-qiddīsīn.$bṬabʻah 2.$d[Beirut] : Maṭbaʻat Ḥannā al-Najjār, 1868$w(OCoLC)663183763

