=LDR  01329cam a2200289Ma 4500
=001  ocm81065080
=003  OCoLC
=005  20170329014708.0
=008  870922q19801987ir\\\\\\\b\\\\000\0\ara\d
=040  \\$aPUL$beng$cPUL$dOCLCQ$dOCLCO$dOCLCF$dOCLCO$dOCLCQ
=035  \\$a(OCoLC)81065080
=049  \\$aZYUU
=100  1\$aNajafī al-Tabrīzī, Rāḍī.
=245  10$aTaḥlīl al-kalām fī sharḥ qaḍāʼ Sharāʼiʻ al-Islām /$ctaʼlīf Rāḍī al-Najafī al-Tibrīzī.
=260  \\$a[Qum?] :$b[publisher not identified],$c[198-?]
=300  \\$a832 pages ;$c24 cm
=336  \\$atext$btxt$2rdacontent
=337  \\$aunmediated$bn$2rdamedia
=338  \\$avolume$bnc$2rdacarrier
=504  \\$aIncludes bibliographical references.
=500  \\$aErrata slip inserted.
=600  10$aMuḥaqqiq al-Ḥillī, Jaʻfar ibn al-Ḥasan,$d1205 or 1206-1277.$tSharāʼiʻ al-Islām.
=650  \0$aIslamic law$xInterpretation and construction$vEarly works to 1800.
=630  07$aSharāʼiʻ al-Islām (Muḥaqqiq al-Ḥillī, Jaʻfar ibn al-Ḥasan)$2fast$0(OCoLC)fst01370927
=650  \7$aIslamic law$xInterpretation and construction.$2fast$0(OCoLC)fst00979955
=655  \7$aEarly works.$2fast$0(OCoLC)fst01411636
=700  12$aMuḥaqqiq al-Ḥillī, Jaʻfar ibn al-Ḥasan,$d1205 or 1206-1277.$tSharāʼiʻ al-Islām.

