=LDR  00917cam a2200277Ma 4500
=001  ocm36139906
=003  OCoLC
=005  20141113044838.8
=008  961219m19899999ir\\\\\\\b\\\\000\0\ara\d
=040  \\$aPUL$beng$cPUL$dOCLCQ$dOCLCF$dOCLCO$dOCLCQ
=035  \\$a(OCoLC)36139906
=050  14$aBC99.A7$bA287 1989
=049  \\$aZYUU
=100  1\$aAbū Rughayf, ʻAmmār.
=245  10$aManṭiq al-istiqrāʼ /$cʻAmmār Abū Rughayf.
=250  \\$aal-Ṭabʻah 1.
=260  \\$a[Irann] :$bMajmaʻ al-Fikr al-Islāmī,$c1410- [1989 or 1990]-
=300  \\$avolumes ;$c24 cm.
=336  \\$atext$btxt$2rdacontent
=337  \\$aunmediated$bn$2rdamedia
=338  \\$avolume$bnc$2rdacarrier
=490  0\$aal-Maktabah al-falsafīyah ;$v2
=490  0\$aMajmaʻ al-fikr al-Islāmī ;$v3
=504  \\$aIncludes bibliographical references.
=650  \0$aInduction (Logic)
=650  \7$aInduction (Logic)$2fast$0(OCoLC)fst00970736

