=LDR  01187cam a2200301Ma 4500
=001  ocm34301810
=003  OCoLC
=005  20191019013233.8
=008  951221s1987\\\\ir\\\\\\\b\\\\000\0bara\d
=040  \\$aPUL$beng$cPUL$dOCL$dOCLCG$dOCLCA$dOCLCQ$dOCLCA$dOCLCF$dOCLCO$dOCLCQ$dOCL
=035  \\$a(OCoLC)34301810
=050  14$aBP193.1.A3$bM823 1987
=049  \\$aZYUU
=100  1\$aMudarrisī, Muḥammad Taqī.
=245  13$aal-Imām ʻAlī, ʻalayhi al-salām, qudwah wa-uswah /$c[Muḥammad Taqī al-Mudarrisī].
=246  3\$aImām ʻAlī qudwah wa-uswah
=250  \\$aal-Ṭabʻah 1.
=260  \\$a[Iran] :$bMaktab al-ʻAllāmah al-Mudrrisī,$c1407 [1987]
=300  \\$a204 pages ;$c21 cm
=336  \\$atext$btxt$2rdacontent
=337  \\$aunmediated$bn$2rdamedia
=338  \\$avolume$bnc$2rdacarrier
=504  \\$aIncludes bibliographical references.
=600  00$aʻAlī ibn Abī Ṭālib,$cCaliph,$dapproximately 600-661.
=650  \0$aImams (Shiites)$vBiography.
=600  07$aʻAlī ibn Abī Ṭālib,$cCaliph,$dapproximately 600-661$2fast$0(OCoLC)fst01804105
=650  \7$aImams (Shiites)$2fast$0(OCoLC)fst00967650
=655  \7$aBiographies.$2fast$0(OCoLC)fst01919896

