=LDR  01420cam a2200337K  4500
=001  ocm07497823
=003  OCoLC
=005  20180324171711.5
=008  810611s1933\\\\le\c\\\\\\\\\\000\0\ara\d
=040  \\$aCLE$beng$cCLE$dOCL$dOCLCQ$dOCLCG$dZCU$dOCLCQ$dOCLCO$dCSA$dOCLCF
=035  \\$a(OCoLC)7497823
=041  1\$aara$hger
=043  \\$aar-----
=050  14$aDS59 .G4 N6519 1933
=082  \4$a917.4$bN714p
=049  \\$aZYUU
=100  1\$aNöldeke, Theodor,$d1836-1930.
=245  14$aThe princes of Ghassān from the house of Gafna,$ctr. into Arabic from the original German, and provided with the author's last corrections, by Pendali Jousé [&] Costi K. Zurayk.
=260  \\$a[Beirut]$bPrinted at the Catholic Press,$c1933.
=300  \\$a[4], 82, 12 pages,$bfrontispiece (including portrait).
=336  \\$atext$btxt$2rdacontent
=337  \\$aunmediated$bn$2rdamedia
=338  \\$avolume$bnc$2rdacarrier
=490  1\$aAmerican University of Beirut. Faculty of Arts and Sciences. Publications: Oriental series,$vno. 4
=651  \0$aGhassan (Kingdom) Arabia.
=651  \0$aArabian Peninsula$xHistory.
=651  \7$aArabian Peninsula.$2fast$0(OCoLC)fst01240131
=655  \7$aHistory.$2fast$0(OCoLC)fst01411628
=700  1\$aJousé, Pendali,$etranslator.
=700  1\$aZurayk, Costi K.,$etranslator.
=810  2\$aAmerican University of Beirut.$bFaculty of Arts and Sciences.$tPublications: Oriental series ;$vno. 4.

