=LDR  00969cam a2200253Ma 4500
=001  ocm28518671
=003  OCoLC
=005  20180402213323.7
=008  930709s1990\\\\ir\a\\\\\\\\\\001\0\ara\d
=040  \\$aPUL$beng$cPUL$dOCL$dOCLCQ$dOCLCG$dOCLCQ$dOCLCO$dOCLCA$dOCLCQ$dOCLCF$dOCLCO
=035  \\$a(OCoLC)28518671
=049  \\$aZYUU
=100  0\$aZayn al-ʻĀbidīn ʻAlī ibn al-Ḥusayn,$d-710.
=240  10$aṢaḥīfah al-kāmilah
=245  13$aal-Ṣaḥīfah al-sajjādīyah al-jāmiʻah li-adʻīyah /$cʻAlī ibn al-Ḥusayn.
=250  \\$aal-Ṭabʻah 1.
=260  \\$aQum :$bMuʼassasat al-Imām al-Mahdī,$c1411 [1990]
=300  \\$a866 pages, [1] folded leaf :$billustrations ;$c25 cm
=336  \\$atext$btxt$2rdacontent
=337  \\$aunmediated$bn$2rdamedia
=338  \\$avolume$bnc$2rdacarrier
=500  \\$aIncludes indexes.
=650  \0$aShīʻah$xPrayers and devotions$xArabic$vEarly works to 1800.
=655  \7$aEarly works.$2fast$0(OCoLC)fst01411636

