=LDR  00987cam a2200241Ma 4500
=001  ocm33806647
=003  OCoLC
=005  20141122025802.8
=008  951110s1978\\\\ir\\\\\\\b\\\\000\0\ara\d
=040  \\$aPUL$beng$cPUL$dOCLCG$dOCLCA$dOCLCQ$dOCLCA$dOCLCF$dOCLCQ
=035  \\$a(OCoLC)33806647
=050  14$aBP193.22$b.M332 1978
=049  \\$aZYUU
=100  1\$aIbn Ṭāwūs, ʻAlī ibn Mūsá,$d1193-1266.
=245  13$aal-Malāḥim wa-al-fitan fi ẓuhūr al-ghāʼib al-muntaẓar /$ctaʼlīf Raḍī al-Dīn Abī al-Qāsim ʻAlī ibn Mūsá ibn Jaʻfar ibn Muḥammad ibn Ṭāwūs al-Ḥasanī al-Ḥusaynī.
=250  \\$aal-Ṭabʻah 5.
=260  \\$aQum :$bManshūrāt al-Riḍá,$c1978.
=300  \\$a224 pages ;$c21 cm
=336  \\$atext$btxt$2rdacontent
=337  \\$aunmediated$bn$2rdamedia
=338  \\$avolume$bnc$2rdacarrier
=600  10$aMahdī, Muḥammad ibn al-Ḥasan,$d869-
=600  17$aMahdī, Muḥammad ibn al-Ḥasan,$d869-$2fast$0(OCoLC)fst01832274

