=LDR  01901cam a2200337Ma 4500
=001  ocm22315105
=003  OCoLC
=005  20140925222618.9
=008  870731m19849999ir\h\\\\\b\\\\000\0\ara\d
=040  \\$aPUL$beng$cPUL$dOCLCQ$dOCLCG$dOCLCQ$dOCLCA$dOCLCF$dOCLCQ$dOCLCO
=035  \\$a(OCoLC)22315105
=049  \\$aZYUU
=100  1\$aBaraghānī, Muḥammad Ṣāliḥ,$d-approximately 1853.
=240  10$aMawsūʻat al-Baraghānī fī fiqh al-Shīʻah
=245  10$aMawsūʻat al-Baraghānī fī fiqh al-Shīʻah, al-musammāh bi-Ghanīmat al-maʻād fī sharḥ al-irshād /$ctaʼlīf Muḥammad Ṣāliḥ al-Baraghānī al-Qazwīnī al-Ḥāʼirī ; taḥqīq wa-taqdīm ʻAbd al-Ḥusayn al-Ṣāliḥī.
=246  3\$aMawsūʻat al-Baraghānī fī fiqh al-Shīʻah
=246  3\$aGhanīmat al-maʻād fī sharḥ al-irshād
=260  \\$aṬihrān :$bNamāyashgāh-i Dāʼimī-i Kitāb,$c1405 [1984 or 5]-
=300  \\$avolumes :$bfacsimiles ;$c25 cm
=336  \\$atext$btxt$2rdacontent
=337  \\$aunmediated$bn$2rdamedia
=338  \\$avolume$bnc$2rdacarrier
=500  \\$a"Kitāb fiqhī istidlālī riwāʼī istaʻāna bi-hi al-shaykh Muḥammad Ḥasan ṣāḥib al-Jawāhir fī mawsūʻat al-fiqhīyah (al-Jawāhir)."
=500  \\$aIntroduction dated 1405 [1984 or 5].
=504  \\$aIncludes bibliographical references.
=505  1\$av. 1. Kitāb al-ṭahārah, qism 1 -- v. 2. Kitāb al-ṭahārah, qism 2 -- v. 3. Kitāb al-ṣalāh, qism 1 -- v. 4. Kitāb al-ṣalāh, qism 2 -- v. 5. Kitāb al-ṣalāh, qism 3 -- v. 6 Kitāb al-ṣalāh, gism 4.
=650  \0$aIslamic law$xInterpretation and construction.
=650  \0$aShiites.
=650  \7$aIslamic law$xInterpretation and construction.$2fast$0(OCoLC)fst00979955
=650  \7$aShiites.$2fast$0(OCoLC)fst01115976
=700  1\$aṢāliḥī, ʻAbd al-Ḥusayn.

