=LDR  01044cam a2200301Ma 4500
=001  ocm23698147
=003  OCoLC
=005  20160801060304.5
=008  910219s1947\\\\sy\a\\\\\\\\\\000\0\ara\d
=040  \\$aPUL$beng$cPUL$dOCLCQ$dOCLCF$dOCLCO$dOCLCQ$dOCL
=035  \\$a(OCoLC)23698147
=043  \\$aaw-----
=049  \\$aZYUU
=130  0\$aMajallat al-marʼah.$pʻAdad al-mukhtār.
=245  10$aMajallat al-marʼah.$pal-ʻAdad al-mukhtār.
=260  \\$aDimashq :$bMajallat al-Marʼah,$c[1947?]
=300  \\$a213 pages :$billustrations ;$c24 cm
=336  \\$atext$btxt$2rdacontent
=337  \\$aunmediated$bn$2rdamedia
=338  \\$avolume$bnc$2rdacarrier
=500  \\$aA supplement to the first year of Majallat al-marʼah.
=650  \0$aWomen$zMiddle East.
=651  \0$aArab countries$xHistory$y20th century.
=650  \7$aWomen.$2fast$0(OCoLC)fst01176568
=651  \7$aArab countries.$2fast$0(OCoLC)fst01240128
=651  \7$aMiddle East.$2fast$0(OCoLC)fst01241586
=648  \7$a1900-1999$2fast
=655  \7$aHistory.$2fast$0(OCoLC)fst01411628

