=LDR  01970cam a2200349Ma 4500
=001  ocm78114830
=003  OCoLC
=005  20191021122405.3
=008  000204s1918\\\\mr\\\\\\\\\\\\000\0cara\d
=040  \\$aPUL$beng$cPUL$dOCLCO$dOCLCF$dOCLCQ$dOCLCA$dOCL
=035  \\$a(OCoLC)78114830
=043  \\$af-mr---
=049  \\$aZYUU
=100  1\$aMuwaqqat, Muḥammad bin Muḥammad bin ʻAbd Allāh.
=240  10$aSaʻādah al-abadīyah fī al-taʻrīf al-mashāhīr al-ḥaḍrah al-Marrākushīyah
=245  13$aal-Juzʼ al-awwal[-al-juzʼ al-thānī] min al-Saʻādah al-abadīyah fī al-taʻrīf al-mashāhīr al-ḥaḍrah al-Marrākushīyah /$clil-faqīr Muḥammad bin Muḥammad bin ʻAbd Allāh al-madʻū bi-Ibn Muwaqqat.
=246  30$aSaʻādah al-abadīyah fī al-taʻrīf al-mashāhīr al-ḥaḍrah al-Marrākushīyah
=260  \\$a[Fès] :$bKātibat Ismāʻīl bin al-Maʼmūn al-Idrīsī al-Qayṭūnī,$c1336 [1918]
=300  \\$a2 volumes in 1 ;$c22 cm
=336  \\$atext$btxt$2rdacontent
=337  \\$aunmediated$bn$2rdamedia
=338  \\$avolume$bnc$2rdacarrier
=500  \\$aCaption title.
=651  \0$aMarrakech (Morocco)$vBiography.
=651  \0$aMarrakech (Morocco)$xHistory.
=650  \0$aArabs$vBiography.
=650  \7$aArabs.$2fast$0(OCoLC)fst00812576
=651  \7$aMorocco$zMarrakech.$2fast$0(OCoLC)fst01211165
=655  \7$aBiographies.$2fast$0(OCoLC)fst01919896
=655  \7$aHistory.$2fast$0(OCoLC)fst01411628
=655  \7$aLithographs$zMorocco$zFès$y1918.$2gmgpc
=776  08$iOnline version:$aMuwaqqat, Muḥammad bin Muḥammad bin ʻAbd Allāh.$sSaʻādah al-abadīyah fī al-taʻrīf al-mashāhīr al-ḥaḍrah al-Marrākushīyah.$tJuzʼ al-awwal[-al-juzʼ al-thānī] min al-Saʻādah al-abadīyah fī al-taʻrīf al-mashāhīr al-ḥaḍrah al-Marrākushīyah.$d[Fès] : Kātibat Ismāʻīl bin al-Maʼmūn al-Idrīsī al-Qayṭūnī, 1336 [1918]$w(OCoLC)656580012

