=LDR  01029cam a2200265Ma 4500
=001  ocm23505255
=003  OCoLC
=005  20150314030445.1
=008  900402s1988\\\\ir\\\\\\\b\\\\000\0\araod
=040  \\$aEYM$beng$cEYM$dOCLCQ$dOCLCF$dOCLCQ$dOCLCO
=035  \\$a(OCoLC)23505255
=050  \4$aBJ1291$b.B343
=049  \\$aZYUU
=100  1\$aBarāzish, ʻAlī Riz̤ā.
=245  10$aMajmaʻ al-anwār :$bal-shukr wa-al-ṣabr /$ciʻdād ʻAlī Riḍā Barāzish.
=250  \\$aal-Ṭabʻah 1.
=260  \\$aṬihrān :$bMunaẓẓamat al-Iʻlām al-Islāmī,$c1988.
=300  \\$a2 volumes in 1 ;$c24 cm
=336  \\$atext$btxt$2rdacontent
=337  \\$aunmediated$bn$2rdamedia
=338  \\$avolume$bnc$2rdacarrier
=504  \\$aIncludes bibliographical references.
=650  \0$aIslamic ethics.
=650  \7$aIslamic ethics.$2fast$0(OCoLC)fst00979936
=776  08$iOnline version:$aBarāzish, ʻAlī Riz̤ā.$tMajmaʻ al-anwār.$bal-Ṭabʻah 1.$dṬihrān : Munaẓẓamat al-Iʻlām al-Islāmī, 1988$w(OCoLC)555327857

