=LDR  00960cam a2200289Ki 4500
=001  ocm17431884
=003  OCoLC
=005  20200713044030.0
=008  880204q19001987iq\\\\\\\\\\\\000\0\arard
=040  \\$aWAU$beng$cWAU$dOCLCQ$dOCLCF$dOCLCQ$dOCLCO$dLOA
=066  \\$c(3
=035  \\$a(OCoLC)17431884
=050  \4$aBP178$b.A43
=082  \4$aP297.382
=049  \\$aZYUU
=100  1\$6880-01$aʻAlī, Jawād.
=245  10$6880-02$aTārīkh al-ṣalāh fī al-Islām.
=260  \\$aBagdad :$bMaṭbaʻat Diyāʼ$c[19--]
=300  \\$a95 pages
=336  \\$atext$btxt$2rdacontent
=337  \\$aunmediated$bn$2rdamedia
=338  \\$avolume$bnc$2rdacarrier
=650  \0$aPrayer$xIslam.
=650  \7$aPrayer$xIslam.$2fast$0(OCoLC)fst01074698
=880  1\$6100-01/(3/r$aعلي، جواد.
=880  10$6245-02/(3/r$aتاريخ الصلاة في الإسلام /$cتأليف جواد علي.
=880  \\$6260-00/(3/r$aبغداد :$bمطبعة ضياء،$c[-١٩٦؟]

