=LDR  01290cam a2200337Ia 4500
=001  ocm26199203
=003  OCoLC
=005  20150408174053.5
=008  920716m19669999iq\\\\\\\b\\\\001\0\ara\\
=010  \\$ane 68000421 
=040  \\$aDLC$beng$cMBB$dMBB$dOCLCQ$dOSU$dOCLCF$dOCLCQ$dOCLCA
=066  \\$c(3
=029  1\$aNLGGC$b135341744
=035  \\$a(OCoLC)26199203
=050  \4$aBP150$b.M89 1966
=049  \\$aZYUU
=100  1\$6880-01$aMuẓaffar, Muḥammad Riḍā,$d1904-1964.
=245  10$6880-02$aUṣūl al-fiqh /$cMuḥammad Riḍā al-Muẓaffar.
=250  \\$6880-03$aal-Ṭabʻah 2.
=260  \\$6880-04$aal-Najaf :$bMaṭābiʻ Dār al-Nuʻmān,$c1966-
=300  \\$avolumes ;$c25 cm
=336  \\$atext$btxt$2rdacontent
=337  \\$aunmediated$bn$2rdamedia
=338  \\$avolume$bnc$2rdacarrier
=504  \\$aIncludes bibliographical references and index.
=650  \0$aIslamic law$xInterpretation and construction.
=650  \7$aIslamic law$xInterpretation and construction.$2fast$0(OCoLC)fst00979955
=880  1\$6100-01/(3/r$aمظفر، محمد رضا،,$d1904-
=880  10$6245-02/(3/r$aأصول الفقه /$cمحمد رضا المظفر.
=880  \\$6250-03/(3/r$aالطبعة 2.
=880  \\$6260-04/(3/r$aالنجف :$bمطابع دار النعمان،$c1966.

