=LDR  02121cam a2200421Ma 4500
=001  ocm25296603
=003  OCoLC
=005  20180825044229.2
=008  880428s1985\\\\ir\a\\\\\b\\\\001\0\ara\d
=040  \\$aPUL$beng$cPUL$dLGG$dOCLCQ$dUKSMC$dOCLCQ$dOCLCO$dUKMGB$dOCLCF
=066  \\$c(3
=016  7\$a016305056$2Uk
=019  \\$a1049505016
=035  \\$a(OCoLC)25296603$z(OCoLC)1049505016
=050  \4$aBP130.4.T35233$bA4 1985
=049  \\$aZYUU
=100  1\$6880-01$aAwsī, ʻAlī.
=245  13$6880-02$aal-Ṭabāṭabāʼī wa-manhajuhu fī tafsīrihi al-Mīzān /$cal-muʼallif ʻAlī al-Awsī.
=250  \\$6880-03$aal-Ṭabʻah 1.
=260  \\$6880-04$a[Tehran] :$bMuʻāwanīyat al-Riʼāsah lil-ʻAlāqāt al-Duwalīyah fī Munaẓẓamat al-Iʻlām al-Islāmī,$c1985.
=300  \\$a316 pages :$billustrations ;$c24 cm
=336  \\$atext$btxt$2rdacontent
=337  \\$aunmediated$bn$2rdamedia
=338  \\$avolume$bnc$2rdacarrier
=504  \\$aIncludes bibliographical references (pages 269-285)-and indexes.
=600  10$6880-05$aṬabāṭabāʼī, Muḥammad Ḥusayn.
=600  10$6880-06$aṬabāṭabāʼī, Muḥammad Ḥusayn.$tMīzān fī tafsīr al-Qurʼān.
=630  00$aQurʼan$xHermeneutics.
=600  17$aṬabāṭabāʼī, Muḥammad Ḥusayn.$2fast$0(OCoLC)fst00081654
=630  07$aMīzān fī tafsīr al-Qurʼān (Ṭabāṭabāʼī, Muḥammad Ḥusayn)$2fast$0(OCoLC)fst01374947
=630  07$aQurʼan.$2fast$0(OCoLC)fst01842877
=650  \7$aHermeneutics.$2fast$0(OCoLC)fst00955492
=880  1\$6100-01/(3/r$aاوسي، علي.
=880  12$6245-02/(3/r$aالطباطبائي ومنهجه في تفسيره الميزان /$cالمؤلف علي الاوسي.
=880  \\$6250-03/(3/r$aالطبعة 1.
=880  \\$6260-04/(3/r$a[تهرن] :$bمعاونية الرئاسة للعلاقات الدولية في منظمة الاعلام الاسلامي،$c1985.
=880  14$6600-05/(3/r$aطباطبائي، محمد حسين.
=880  14$6600-06/(3/r$aطباطبائي، محمد حسين.$tميزان في تفسير القرآن.

