=LDR  00864cam a2200253Ma 4500
=001  ocm28579312
=003  OCoLC
=005  20141018201516.3
=008  930727s1983\\\\ir\\\\\\\b\\\\000\0dara\d
=040  \\$aPUL$beng$cPUL$dOCLCG$dOCLCQ$dOCLCF$dOCLCQ
=035  \\$a(OCoLC)28579312
=049  \\$aZYUU
=245  03$aal-Imām al-Kāẓim, ʻalayhi al-salām.
=250  \\$aal-Ṭabʻah 1.
=260  \\$aJumhūrīyat Īrān al-Islāmīyah :$bDār al-Tawḥīd,$c1983.
=300  \\$a143 pages ;$c17 cm.
=336  \\$atext$btxt$2rdacontent
=337  \\$aunmediated$bn$2rdamedia
=338  \\$avolume$bnc$2rdacarrier
=490  1\$aAhl al-bayt ;$v9
=504  \\$aIncludes bibliographical references.
=600  00$aMūsá al-Kāẓim ibn Jaʻfar,$d745?-799.
=600  07$aMūsá al-Kāẓim ibn Jaʻfar,$d745?-799$2fast$0(OCoLC)fst00160385
=830  \0$aAhl al-bayt ;$v9.

