=LDR  00778cam a2200241Ma 4500
=001  ocm83572323
=003  OCoLC
=005  20181102173143.3
=008  890322s1987\\\\ir\\\\\\\\\\\\000\0\ara\d
=040  \\$aPUL$beng$cPUL$dOCLCQ$dOCLCO$dOCLCF$dOCLCQ$dOCLCA
=035  \\$a(OCoLC)83572323
=041  1\$aara$hper
=049  \\$aZYUU
=100  1\$aMuṭahharī, Murtaz̤á.
=245  13$aal-Taʻarruf ʻalá al-Qurʼān al-karīm /$cal-muʼallif Murtaḍá al-Muṭahharī.
=250  \\$aal-Ṭabʻah 2.
=260  \\$a[Iran] :$bMunaẓẓamat al-Iʻlām al-Islāmī,$c1987.
=300  \\$a79 pages ;$c17 cm
=336  \\$atext$btxt$2rdacontent
=337  \\$aunmediated$bn$2rdamedia
=338  \\$avolume$bnc$2rdacarrier
=630  00$aQurʼan.
=630  07$aQurʼan.$2fast$0(OCoLC)fst01842877

