=LDR  01207cam a2200337Ma 4500
=001  ocm27274737
=003  OCoLC
=005  20140422171902.7
=008  850325q19801985ir\\\\\\\\\\\\000\0\ara\d
=040  \\$aPUL$beng$cPUL$dOCLCG$dYUS$dOCLCQ$dOCLCO$dOCLCF
=066  \\$c(3
=035  \\$a(OCoLC)27274737
=050  14$aBP184.3$b.A575 1980
=049  \\$aZYUU
=100  1\$6880-01$aAnṣārī, Murtaḍá ibn Muḥammad Amīn,$d1799 or 1800-1864.
=240  10$6880-02$aṢalāh
=245  10$6880-03$aKitāb al-ṣalāh /$ctaʼlīf Murtaḍʹa al-Anṣārī.
=246  3\$aṢalāh
=260  \\$6880-04$aQum :$bal-Rasūl al-Muṣṭafʹa,$c[198-?]
=300  \\$a442 pages ;$c25 cm
=336  \\$atext$btxt$2rdacontent
=337  \\$aunmediated$bn$2rdamedia
=338  \\$avolume$bnc$2rdacarrier
=500  \\$aCover title.
=650  \0$aPrayer$xIslam.
=650  \7$aPrayer$xIslam.$2fast$0(OCoLC)fst01074698
=880  0\$6100-01/(3/r$aمرتضى الانصاري.
=880  10$6240-02/(3/r$aصلاة
=880  10$6245-03/(3/r$aكتاب الصلاة /$cتأليف مرتضى الانصاري.
=880  \\$6260-04/(3/r$aقم :$bالرسول المصطفى،$c[?-١٩٨]
=880  0\$6740-00/(3/r$aصلاة.

