=LDR  00944cam a2200265Ma 4500
=001  ocm32884529
=003  OCoLC
=005  20181102170626.6
=008  950630s1990\\\\ir\\\\\\\bd\\\000\0\ara\d
=040  \\$aPUL$beng$cPUL$dOCLCQ$dOCLCO$dOCLCF$dOCLCA
=035  \\$a(OCoLC)32884529
=050  14$aBP133$b.U848 1990
=049  \\$aZYUU
=100  1\$aʻUṣfūr, Muḥsin.
=245  13$aal-Murshid al-wajīz li-qurrāʼ kitāb Allāh al-ʻazīz /$ctaʼlīf Muḥsin Āl ʻUṣfūr.
=250  \\$aal-Ṭabʻah 1.
=260  \\$a[Iran] :$bM.Ā. ʻUṣfūr,$c1410 [1990]$e(Qum :$fal-Maṭbaʻah al-ʻIlmīyah)
=300  \\$a264 pages ;$c25 cm
=336  \\$atext$btxt$2rdacontent
=337  \\$aunmediated$bn$2rdamedia
=338  \\$avolume$bnc$2rdacarrier
=504  \\$aIncludes bibliographical references.
=630  00$aQurʼan$vDictionaries.$lArabic.
=630  07$aQurʼan.$2fast$0(OCoLC)fst01842877
=655  \7$aDictionaries.$2fast$0(OCoLC)fst01423826

