=LDR  00779cam a2200253K  4500
=001  ocm43212904
=003  OCoLC
=005  20150116070933.2
=008  000108s1929\\\\ua\\\\\\\\\\\\000\0\ara\d
=040  \\$aPUL$beng$cPUL$dOCLCQ$dOCLCG$dOCLCQ$dOCLCO$dOCLCQ$dOCLCF
=035  \\$a(OCoLC)43212904
=049  \\$aZYUU
=100  0\$aQāsim Amīn,$d1863-1908.
=245  10$aTaḥrīr al-marʼah.
=260  \\$a[Cairo],$b[Maktabat al-Jāmiʻah],$c[1347 [1928/9]
=300  \\$a166 pages$c20 cm
=336  \\$atext$btxt$2rdacontent
=337  \\$aunmediated$bn$2rdamedia
=338  \\$avolume$bnc$2rdacarrier
=546  \\$aIn Arabic.
=650  \0$aWomen's rights.
=650  \0$aMuslim women.
=650  \7$aMuslim women.$2fast$0(OCoLC)fst01030996
=650  \7$aWomen's rights.$2fast$0(OCoLC)fst01178818

