=LDR  01309cam a2200337Ki 4500
=001  ocm42887188
=003  OCoLC
=005  20140426083933.4
=008  991124s1971\\\\ir\\\\\\\\\\\\000\0\ara\d
=040  \\$aPUL$beng$cPUL$dOCLCQ$dOCLCO$dOCLCQ$dOCLCF
=066  \\$c(3
=035  \\$a(OCoLC)42887188
=049  \\$aZYUU
=100  1\$aTihrānī, Muḥammad Hādī ibn Muḥammad Amīn,$d-1903 or 1904.
=245  10$aWadāyiʻ al-nubūwah.
=260  \\$a[Tihrān] :$b[Maktabat al-Ṣadr],$c1391 [1971]
=300  \\$a407 pages ;$c25 cm.
=336  \\$atext$btxt$2rdacontent
=337  \\$aunmediated$bn$2rdamedia
=338  \\$avolume$bnc$2rdacarrier
=490  0\$aManshūrāt Maktabat Dār al-Ilm, Āyat Allāh al-Bihbihānī bi-Ahwāz
=546  \\$aIn Arabic.
=650  \0$aPurity, Ritual$xIslam.
=650  \0$aIslamic law.
=650  \0$aShiites.
=650  \7$aIslamic law.$2fast$0(OCoLC)fst00979949
=650  \7$aPurity, Ritual$xIslam.$2fast$0(OCoLC)fst01084388
=650  \7$aShiites.$2fast$0(OCoLC)fst01115976
=880  0\$6100-00/(3/r$aهادي الطهراني.
=880  10$6245-00/(3/r$aودائع النبوة /$cمن تأليفات هادي الطهراني.
=880  \\$6260-00/(3/r$aطهراني :$bمن منشورات دار العلم، يطلب من مكتبة الصدر،$c1391 [1971]

