=LDR  01806cam a2200397Ma 4500
=001  ocn122882003
=003  OCoLC
=005  20180821071705.0
=008  980723s1983\\\\ir\\\\\\\b\\\\000\0\ara\d
=040  \\$aNjP$beng$cPAU$dOCLCG$dDEBBG$dOCLCA$dOCLCQ$dOCLCF$dOCLCO$dOCLCQ$dPAU
=066  \\$c(3
=029  1\$aDEBBG$bBV039718310
=035  \\$a(OCoLC)122882003
=050  \4$aKBL0.14.W54$bA29 1983
=049  \\$aZYUU
=100  1\$6880-01$aAbū Zahrah, Muḥammad.
=245  13$6880-02$aal-Mīrāth ʻinda al-Jaʻfarīyah :$bmaʻa tarjamat al-Sayyid al-Imām Abū ʻAbd Allāh Jaʻfar al-Ṣādiq.
=260  \\$6880-03$a[Tehran] :$bMunaẓẓamat al-Iʻlām al-Iʻlāmī, Qism al-ʻAlāqāt al-Dawlīyah,$c1404 [1983 or 1984]
=300  \\$a159 pages ;$c24 cm
=336  \\$atext$btxt$2rdacontent
=337  \\$aunmediated$bn$2rdamedia
=338  \\$avolume$bnc$2rdacarrier
=504  \\$aIncludes bibliographical references.
=650  \0$aInheritance and succession (Islamic law)
=650  \0$aShiites.
=650  \7$aInheritance and succession (Islamic law)$2fast$0(OCoLC)fst00973401
=650  \7$aShiites.$2fast$0(OCoLC)fst01115976
=650  07$aErbe.$0(DE-588c)4152580-2$2swd
=650  07$aIslam.$0(DE-588c)4027743-4$2swd
=650  07$aNachfolge.$0(DE-588c)4225195-3$2swd
=650  07$aSchiiten.$0(DE-588c)4052455-3$2swd
=700  0\$6880-04$aJaʻfar al-Ṣādiq,$d702?-765 or 766.
=880  1\$6100-01/(3/r$aأبو زهرة، محمد.
=880  12$6245-02/(3/r$aالميراث عند الجعفرية :$bمع ترجمة السيد الإمام أبو عبد الله جعفر الصادق.
=880  \\$6260-03/(3/r$a[Tehran] :$bمنظمة الإعلام الإعلامي، قسم العلاقاف الدولية،$c1404 [1983 or 1984]
=880  0\$6700-04/(3/r$aجعفر الصادق.

