=LDR  02029cam a2200409Ia 4500
=001  ocm18580296
=003  OCoLC
=005  20140821094555.8
=008  881007s1970\\\\ir\\\\\\\\\\\\000\0\arard
=040  \\$aWAU$beng$cWAU$dOSU$dOCLCG$dOCLCQ$dOCLCF$dOCLCO
=066  \\$c(3
=019  \\$a78850479
=035  \\$a(OCoLC)18580296$z(OCoLC)78850479
=090  \\$aBP144$b.T87 1970
=049  \\$aZYUU
=100  1\$6880-01$aṬūsī, Muḥammad ibn al-Ḥasan,$d995-1067?
=245  10$6880-02$aTahdhīb al-aḥkām fī sharḥ al-Muqniʻah lil-Shaykh al-Mufīd /$ctaʼlīf Abī Jaʻfar Muḥammad ibn al-ḥasan al-Ṭūsī ; ḥaqqaqahu wa-ʻallaqa ʻalayhi Ḥasan al-Mūsawī al-Kharsān.
=250  \\$6880-03$aal-Ṭabʻah 3.
=260  \\$6880-04$aTihrān :$bDar al-Kutub al-Islāmīyah,$c1970.
=300  \\$a10 volumes ;$c25 cm
=336  \\$atext$btxt$2rdacontent
=337  \\$aunmediated$bn$2rdamedia
=338  \\$avolume$bnc$2rdacarrier
=600  10$6880-05$aMufīd, Muḥammad ibn Muḥammad,$d-1022.$tMuqniʻah.
=650  \0$aIslamic law$vEarly works to 1800.
=650  \0$aShīʻah$vEarly works to 1800.
=630  07$aMuqniʻah (Mufīd, Muḥammad ibn Muḥammad)$2fast$0(OCoLC)fst01365554
=650  \7$aIslamic law.$2fast$0(OCoLC)fst00979949
=650  \7$aShīʻah.$2fast$0(OCoLC)fst01117946
=655  \7$aEarly works.$2fast$0(OCoLC)fst01411636
=700  1\$6880-06$aKharsān, Ḥasan al-Mūsawī.
=880  1\$6100-01/(3/r$aطوسي، محمد بن الحسن،,$d995-1067؟.
=880  10$6245-02/(3/r$aتهذيب الاحكام في شرح المقنعة للشيخ المفيد /$cتأليف ابي جعفر محمد بن الحسن الطوسي ؛ حققه وعلق عليه حسن الموسوي الخرسان.
=880  \\$6250-03/(3/r$aالطبعة 3.
=880  \\$6260-04/(3/r$aتهران :$bدر الكتب الاسلامية،$c1970.
=880  14$6600-05/(3/r$aمفيد، محمد بن محمد،,$d-1022.$tمقنعة.
=880  1\$6700-06/(3/r$aخرسان، حسن الموسوي.

