=LDR  00747cam a2200229Ma 4500
=001  ocm49364643
=003  OCoLC
=005  20150205002135.5
=008  961006s1938\\\\le\\\\\\\b\\\\000\0\arard
=040  \\$aPUL$beng$cPUL$dOCLCF$dOCLCQ$dOCLCO
=035  \\$a(OCoLC)49364643
=049  \\$aZYUU
=100  1\$aZayn, Muḥammad Ḥusayn.
=245  13$aal-Shīʻah fī al-tārīkh /$ctaʼlīf Muḥammad Ḥusayn al-Zayn.
=260  \\$aṢaydā (Lebanon) :$bMaṭbaʻat al-ʻIrfān,$c1938.
=300  \\$a226 pages ;$c20 cm
=336  \\$atext$btxt$2rdacontent
=337  \\$aunmediated$bn$2rdamedia
=338  \\$avolume$bnc$2rdacarrier
=650  \0$aShiites$xHistory.
=650  \7$aShiites.$2fast$0(OCoLC)fst01115976
=655  \7$aHistory.$2fast$0(OCoLC)fst01411628

