=LDR  01175cam a2200325Ma 4500
=001  on1017818655
=003  OCoLC
=005  20181226185314.7
=008  020410m19561965sy\\\\\\\\\\\\000\0\ara\d
=040  \\$aDHA$beng$cDHA$dOCLCQ$dPUL$dOCLCF
=066  \\$c(3
=019  \\$a42847261$a1015448116
=035  \\$a(OCoLC)1017818655$z(OCoLC)42847261$z(OCoLC)1015448116
=049  \\$aZYUU
=100  1\$6880-01$aMārik, Fahd.
=245  10$6880-02$aMin shiyam al-ʻArab /$cFahd al-Mārik.
=250  \\$6880-03$aal-Ṭabʻah 1.
=260  \\$6880-04$aDimashq :$bal-Maṭbaʻah al-Hāshimīyah,$c1956-1965.
=300  \\$a4 volumes ;$c24 cm
=336  \\$atext$btxt$2rdacontent
=337  \\$aunmediated$bn$2rdamedia
=338  \\$avolume$bnc$2rdacarrier
=500  \\$aV. 2-4 published in Bayrut.
=546  \\$aIn Arabic.
=650  \0$aArabia$xSocial life and customs.
=650  \7$aArabs$xSocial life and customs.$2fast$0(OCoLC)fst00812605
=880  1\$6100-01/(3/r$aمارك, فهد.
=880  10$6245-02/(3/r$aمن شيم العرب /$cفهد المارك.
=880  \\$6250-03/(3/r$aالطبعة 1.
=880  \\$6260-04/(3/r$aدمشق ، :$bالمطبعة الهاشمية,$c1956-1965.

