=LDR  01290cam a2200337Ia 4500
=001  ocm30581008
=003  OCoLC
=005  20150306084943.9
=008  880328s1984\\\\ir\a\\\\\\\\\\000\0\arard
=010  \\$a   86930885 
=040  \\$aPUL$beng$cPUL$dOSU$dDLC$dOCLCG$dOCLCF$dOCLCQ$dOCLCO
=066  \\$c(3
=035  \\$a(OCoLC)30581008
=050  \4$aBP163$b.J58 1984
=049  \\$aZYUU
=100  1\$aJisr, Nadīm,$d1897-1980.
=245  10$6880-01$aQiṣṣat al-īmān bayna al-falsafah wa-al-ʻilm wa-al-Qurʼān /$cNadīm al-Jisr.
=260  \\$aQum :$bDār al-Muthaqqaf al-Muslim,$c1362 [1984]
=300  \\$a451 pages :$billustrations ;$c24 cm
=336  \\$atext$btxt$2rdacontent
=337  \\$aunmediated$bn$2rdamedia
=338  \\$avolume$bnc$2rdacarrier
=650  \0$aIslam and philosophy.
=650  \0$aIslam$xDoctrines.
=650  \0$aIslam and science.
=650  \7$aIslam and philosophy.$2fast$0(OCoLC)fst00979877
=650  \7$aIslam and science.$2fast$0(OCoLC)fst00979885
=650  \7$aIslam$xDoctrines.$2fast$0(OCoLC)fst00979787
=880  1\$6100-00/(3/r$aجسر، نديم.
=880  10$6245-01/(3/r$aقصة الإيمان بين الفلسفة والعلم والقرآن /$cنديم الجسر.
=880  \\$6260-00/(3/r$a[بغداد] :$bدار التربية،$c[؟-١٩٨]

