=LDR  01295cam a2200325Ia 4500
=001  ocm34190024
=003  OCoLC
=005  20180820173402.4
=008  960214s1900\\\\le\\\\\\\b\\\\000\0\arard
=040  \\$aUUM$beng$cUUM$dOCL$dOCLCQ$dOCLCF$dOCLCQ$dOCLCO$dOCLCA
=035  \\$a(OCoLC)34190024
=043  \\$aa-sy---
=050  \4$aKMU158.6$b.A92 1900
=049  \\$aZYUU
=100  1\$aʻAbbūd, Iskandar.
=240  10$aĀthār al-ʻadlīyah
=245  10$aKitāb al-āthār al-ʻadlīyah /$cbi-qalam Iskandar Afandī ʻAbbūd.
=260  \\$aBaʻabdā, Lubnān :$bal-Maṭbaʻah al-ʻUthmānīyah,$c1900.
=300  \\$a384 pages ;$c22 cm
=336  \\$atext$btxt$2rdacontent
=337  \\$aunmediated$bn$2rdamedia
=338  \\$avolume$bnc$2rdacarrier
=504  \\$aIncludes bibliographical references.
=650  \0$aCourts of last resort$zSyria.
=650  \0$aAppellate courts$zSyria.
=650  \7$aAppellate courts.$2fast$0(OCoLC)fst00811535
=650  \7$aCourts of last resort.$2fast$0(OCoLC)fst00881848
=651  \7$aSyria.$2fast$0(OCoLC)fst01208757
=653  \\$aMaḥkamat al-tamyīz.
=776  08$iOnline version:$aʻAbbūd, Iskandar.$sĀthār al-ʻadlīyah.$tKitāb al-āthār al-ʻadlīyah.$dBaʻabdā, Lubnān : al-Maṭbaʻah al-ʻUthmānīyah, 1900$w(OCoLC)844719411

