=LDR  01101cam a2200265K  4500
=001  ocm42810716
=003  OCoLC
=005  20140426074842.2
=008  991111s1971\\\\ir\h\\\\\\\\\\000\0\ara\d
=040  \\$aPUL$beng$cPUL$dOCLCG$dOCLCA$dOCLCQ$dOCLCO$dOCLCF
=035  \\$a(OCoLC)42810716
=049  \\$aZYUU
=100  1\$aIbn Bābawayh al-Qummī, Muḥammad ibn ʻAlī,$d918 or 919-991 or 992.
=245  10$aThawāb al-aʻmāl.$cṢaḥḥaḥahu wa-ʻallaqa ʻalayhi ʻAlī Akbar al-Ghaffārī.
=260  \\$aTehran,$bMaktabat al-Ṣadūq,$c1391 [1971]
=300  \\$a371 pages$bfacsimiles$c25 cm
=336  \\$atext$btxt$2rdacontent
=337  \\$aunmediated$bn$2rdamedia
=338  \\$avolume$bnc$2rdacarrier
=530  \\$aAlso issued online.
=546  \\$aIn Arabic.
=650  \0$aReligious life$xIslam.
=650  \7$aReligious life$xIslam.$2fast$0(OCoLC)fst01094119
=700  1\$aGhaffārī, ʻAlī Akbar,$eeditor.
=776  08$iOnline version:$aIbn Bābawayh al-Qummī, Muḥammad ibn ʻAlī, 918 or 19-991 or 2.$tThawāb al-aʻmāl.$dTehran, Maktabat al-Ṣadūq, 1391 [1971]$w(OCoLC)551652464

