=LDR  01621cam a2200253Ma 4500
=001  ocm29745509
=003  OCoLC
=005  20141022163452.4
=008  940112s1864\\\\ua\\\\\\\\\\\\000\0\ara\d
=040  \\$aPUL$beng$cPUL$dOCLCQ$dOCLCF$dOCLCQ
=035  \\$a(OCoLC)29745509
=049  \\$aZYUU
=100  1\$aḤūrānī, Ibrāhīm.
=240  10$aDīwān kanz al-asrār wa-qamʻ al-ashrār fīmā ḥaṣala lil-muqaddim Ibrīhīm al-Ḥūrānī fī Rūmah al-madāʼin wa-jisr al-abḥār
=245  10$aHādhā Dīwān kanz al-asrār wa-qamʻ al-ashrār fīmā ḥaṣala lil-muqaddim Ibrīhīm al-Ḥūrānī fī rūmat al-madāyin wa-jisr al-abḥār.
=246  3\$aDīwān kanz al-asrār wa-qamʻ al-ashrār fīmā ḥaṣala lil-muqaddim Ibrīhīm al-Ḥūrānī fī Rūmah al-madāʼin wa-jisr al-abḥār
=260  \\$aMiṣr :$b[publisher not identified],$c1281 [1864 or 1865]
=300  \\$a115 pages ;$c21 cm
=336  \\$atext$btxt$2rdacontent
=337  \\$aunmediated$bn$2rdamedia
=338  \\$avolume$bnc$2rdacarrier
=600  10$aḤūrānī, Ibrāhīm.
=600  17$aḤūrānī, Ibrāhīm.$2fast$0(OCoLC)fst00305255
=776  08$iOnline version:$aḤūrānī, Ibrāhīm.$sDīwān kanz al-asrār wa-qamʻ al-ashrār fīmā ḥaṣala lil-muqaddim Ibrīhīm al-Ḥūrānī fī Rūmah al-madāʼin wa-jisr al-abḥār.$tHādhā Dīwān kanz al-asrār wa-qamʻ al-ashrār fīmā ḥaṣala lil-muqaddim Ibrīhīm al-Ḥūrānī fī rūmat al-madāyin wa-jisr al-abḥār.$dMiṣr : [s.n.], 1281 [1864 or 1865]$w(OCoLC)656820878

