=LDR  01374cam a2200337Ki 4500
=001  ocm42914954
=003  OCoLC
=005  20200311091551.7
=008  991202s1949\\\\ua\a\\\\\b\\\\000\0\arard
=040  \\$aPUL$beng$cPUL$dOCLCQ$dIUL$dSTF$dOCLCF$dOCLCQ$dOCL
=066  \\$c(3
=035  \\$a(OCoLC)42914954
=043  \\$af-ua---
=050  \4$aDT96.4$b.H113
=049  \\$aZYUU
=100  1\$6880-01$aḤabashī, Ḥasan.
=245  13$6880-02$aal-Sharq al-ʻArabī bayna shaqqay al-raḥā :$bḥamlat al-Qiddīs Luwīs ʻalá Miṣr wa-al-Shām.
=260  \\$6880-03$a[Cairo] :$bDār al-Fikr al-ʻArabī,$c[1949]
=300  \\$a129 pages :$billustrations ;$c20 cm
=336  \\$atext$btxt$2rdacontent
=337  \\$aunmediated$bn$2rdamedia
=338  \\$avolume$bnc$2rdacarrier
=504  \\$aIncludes bibliographical references.
=651  \0$aEgypt$xHistory$yInvasion of Saint Louis, 1249.
=651  \7$aEgypt.$2fast$0(OCoLC)fst01208755
=647  \7$aInvasion of Egypt by Saint Louis$c(Egypt :$d1249)$2fast$0(OCoLC)fst01353419
=648  \7$a1249$2fast
=655  \7$aHistory.$2fast$0(OCoLC)fst01411628
=880  1\$6100-01/(3/r$aحبشي، حسن.
=880  12$6245-02/(3/r$aالشرق العربي بين شقي الرحا :$bحملة القديس لويس على مصر والشام.
=880  \\$6260-03/(3/r$a[القاهرة] :$bدار الفكر العربي،$c[1949]

