=LDR  00761cam a2200241K  4500
=001  ocm42915173
=003  OCoLC
=005  20200810101147.0
=008  991202s1916\\\\ua\\\\\\\\\\\\000\0\ara\d
=040  \\$aPUL$beng$cPUL$dOCLCQ$dOCLCG$dOCLCA$dOCLCQ$dOCLCF
=035  \\$a(OCoLC)42915173
=049  \\$aZYUU
=100  0\$aGhazzālī,$d1058-1111.
=245  10$aIḥyāʼal--ʻUlūm.
=260  \\$aCairo,$bʻArabiyyah Press,$c1334 A.H. [i.e. 1916]
=300  \\$a4 volumes$c29 cm
=336  \\$atext$btxt$2rdacontent
=337  \\$aunmediated$bn$2rdamedia
=338  \\$avolume$bnc$2rdacarrier
=546  \\$aT.-p. and text in Arabic.
=500  \\$aThe renaissance of learning.
=650  \7$aIslamic ethics.$2fast$0(OCoLC)fst00979936
=650  \7$aSufism.$2fast$0(OCoLC)fst01137257

