=LDR  00858cam a2200241Ma 4500
=001  ocm26476468
=003  OCoLC
=005  20171206200800.4
=008  881122s1984\\\\ir\\\\\\\\\\\\000\0\ara\d
=040  \\$aPUL$beng$cPUL$dOCLCQ$dOCLCF$dOCLCO$dOCLCQ
=035  \\$a(OCoLC)26476468
=043  \\$aaw-----$aff-----
=049  \\$aZYUU
=100  1\$aShīrāzī, Muḥammad al-Mahdī al-Ḥusaynī.
=245  10$aMin awwalīyāt al-dawlah al-Islāmīyah /$cbi-qalam Muḥammad al-Shīrāzī.
=260  \\$a[Iran] :$bHayʼat Fāṭimah al-Zahrāʼ,$c1405 [1984 or 1985]
=300  \\$a160 pages ;$c21 cm
=336  \\$atext$btxt$2rdacontent
=337  \\$aunmediated$bn$2rdamedia
=338  \\$avolume$bnc$2rdacarrier
=651  \0$aIslamic Empire$xCivilization.
=650  \7$aCivilization.$2fast$0(OCoLC)fst00862898
=651  \7$aIslamic Empire.$2fast$0(OCoLC)fst01244134

