=LDR  01243cam a2200325Ma 4500
=001  ocm35185536
=003  OCoLC
=005  20191019101802.8
=008  960724s1988\\\\ir\\\\\\\b\\\\000\0bara\d
=040  \\$aPUL$beng$cPUL$dOCL$dOCLCG$dOCLCA$dOCLCQ$dOCLCA$dOCLCF$dOCLCO$dOCLCQ$dOCL
=035  \\$a(OCoLC)35185536
=041  1\$aara$hper
=050  \4$aBP193.13$b.I425 1988
=049  \\$aZYUU
=245  03$aal-Imām al-thālith, al-Imām al-Ḥusayn, ʻalayhi al-salām /$c[al-muʼallif Lajnat al-Taḥrīr Fī Ṭarīq al-Ḥaqq].
=250  \\$aal-Ṭabʻah 2.
=260  \\$aQum :$bMuʼassasat Fī Ṭarīq al-Ḥaqq,$c1409 [1988 or 1989]
=300  \\$a24 pages ;$c22 cm
=336  \\$atext$btxt$2rdacontent
=337  \\$aunmediated$bn$2rdamedia
=338  \\$avolume$bnc$2rdacarrier
=500  \\$aCover title.
=504  \\$aIncludes bibliographical references.
=500  \\$aTranslated from the Persian.
=600  00$aḤusayn ibn ʻAlī,$d-680.
=650  \0$aImams (Shiites)$vBiography.
=600  07$aḤusayn ibn ʻAlī,$d-680$2fast$0(OCoLC)fst01825184
=650  \7$aImams (Shiites)$2fast$0(OCoLC)fst00967650
=655  \7$aBiographies.$2fast$0(OCoLC)fst01919896
=710  2\$aDar Rāh-i Ḥaqq (Institute).$bHayʼat-i Taḥrīrīyah.

