=LDR  00536cam a2200193Ma 4500
=001  ocm79913174
=003  OCoLC
=005  20181102175331.9
=008  880622s1924\\\\ua\\\\\\\\\\\\000\0\ara\d
=040  \\$aPUL$beng$cPUL$dOCLCQ$dOCLCO$dOCLCQ$dOCLCA
=035  \\$a(OCoLC)79913174
=049  \\$aZYUU
=130  0\$aQurʼan.
=245  10$aQur'ān karīm [sic].
=260  \\$aMiṣr :$bAḥmad Ḥalīm,$c1343 [1924]
=300  \\$a525 pages ;$c14 cm
=336  \\$atext$btxt$2rdacontent
=337  \\$aunmediated$bn$2rdamedia
=338  \\$avolume$bnc$2rdacarrier

