=LDR  00768cam a2200229K  4500
=001  ocm42865737
=003  OCoLC
=005  20141209020406.8
=008  991120s1961\\\\sy\a\\\\\\\\\\000\0\ara\d
=040  \\$aPUL$beng$cPUL$dOCLCQ$dOCLCF$dOCLCO$dOCLCQ
=035  \\$a(OCoLC)42865737
=049  \\$aZYUU
=110  2\$aMuʼassasat al-Lājiʼīn al-Filasṭīnīyīn al-ʻArab (Syria).$bal-Mudīrīyah al-ʻĀmmah.
=245  10$aMan hum? ...$cal-lājiʼūn al-Filasṭīnīyūn.
=260  \\$a[Damascus],$c[1961]
=300  \\$a47 pages$billustrations$c20 cm
=336  \\$atext$btxt$2rdacontent
=337  \\$aunmediated$bn$2rdamedia
=338  \\$avolume$bnc$2rdacarrier
=546  \\$aIn Arabic.
=650  \0$aRefugees, Arab.
=650  \7$aRefugees, Arab.$2fast$0(OCoLC)fst01092853

