=LDR  01823cam a2200361Ma 4500
=001  ocm30345044
=003  OCoLC
=005  20160511081307.6
=008  940404s1987\\\\ir\\\\\\\b\\\\000\0\ara\d
=040  \\$aPUL$beng$cPUL$dOCLCQ$dOCLCG$dYUS$dOCLCA$dOCLCF$dOCLCO$dOCLCQ$dOCL
=066  \\$c(3
=035  \\$a(OCoLC)30345044
=043  \\$aa-iq---
=050  14$aBP193.13.A3$bA25 1987
=049  \\$aZYUU
=100  1\$6880-01$aʻĀbidīn, Muḥammad ʻAlī.
=245  10$6880-02$aMabʻūth al-Ḥusayn :$bdirāsah taḥlīlīyah li-awwal marāḥil al-thawrah al-Ḥusaynīyah fī al-Kūfah bi-qiyādat al-baṭal al-jalīl Muslim ibn ʻAqīl /$ctaʼlīf Muḥammad ʻAlī ʻĀbidīn.
=260  \\$a[Qum] :$bMuʼassasat al-Nashr al-Islāmī al-Tābiʻah li-Jamāʻat al-Mudarrisīn bi-Qum al-Musharrafah,$c1408 [1987 or 1988]
=300  \\$a256 pages ;$c25 cm
=336  \\$atext$btxt$2rdacontent
=337  \\$aunmediated$bn$2rdamedia
=338  \\$avolume$bnc$2rdacarrier
=500  \\$a"476."
=504  \\$aIncludes bibliographical references.
=600  00$aḤusayn ibn ʻAlī,$d-680.
=651  \0$aKūfah (Iraq)$xHistory$y634-1534.
=600  07$aḤusayn ibn ʻAlī,$d-680$2fast$0(OCoLC)fst01825184
=651  \7$aIraq$zKūfah.$2fast$0(OCoLC)fst01239339
=648  \7$a634-1534$2fast
=655  \7$aHistory.$2fast$0(OCoLC)fst01411628
=880  1\$6100-01/(3/r$aعابدين، محمد علي.
=880  10$6245-02/(3/r$aمبعوث الحسين :$bدراسة تحليلية لاول مراحل الثورة الحسينية في الكوفة بقيادة البطل الجليل مسلم بن عقيل /$cتأليف محمد علي عابدين.
=880  \\$6260-00/(3/r$a[Qum] :$bمؤسسة النشر الاسلامي التابعة لجماعة المدرسين بقم المشرفة،$c1408 [1987]

