=LDR  00952cam a2200265K  4500
=001  ocm42852203
=003  OCoLC
=005  20141207191155.1
=008  991118m1962uuuuiq\\\\\\\\\\\\000\0\ara\d
=040  \\$aPUL$beng$cPUL$dOCLCQ$dOCLCG$dOCLCA$dOCLCF$dOCLCO$dOCLCQ
=035  \\$a(OCoLC)42852203
=049  \\$aZYUU
=100  1\$aShāhrūdī, Maḥmūd al-Ḥusaynī.
=245  10$aḤāshiyat al-ʼurwah al-wuthqā.
=260  \\$aAl-Naja,$c1382- [1962 or 3-]
=300  \\$avolumes
=336  \\$atext$btxt$2rdacontent
=337  \\$aunmediated$bn$2rdamedia
=338  \\$avolume$bnc$2rdacarrier
=650  \0$aIslam$xCustoms and practices.
=650  \0$aShiites.
=600  10$aṬabāṭabāʼī al-Yazdī, Muḥammad Kāẓim,$d-1919.
=600  17$aṬabāṭabāʼī al-Yazdī, Muḥammad Kāẓim,$d-1919$2fast$0(OCoLC)fst01849999
=650  \7$aIslam$xCustoms and practices.$2fast$0(OCoLC)fst00979785
=650  \7$aShiites.$2fast$0(OCoLC)fst01115976

