=LDR  00989cam a2200253Ma 4500
=001  ocm27152107
=003  OCoLC
=005  20190222114804.9
=008  921209s1924\\\\ua\\\\\\r\\\\\000\0\ara\d
=040  \\$aPUL$beng$epn$cPUL$dOCLCQ$dOCLCF$dOCLCO$dOCLCQ
=035  \\$a(OCoLC)27152107
=049  \\$aZYUU
=245  00$aInjīl Barnābā :$btafakuhat fī maʻraḍ al-dīn.
=250  \\$aṬabʻah 3.
=260  \\$aMiṣr :$bal-Maktabah al-Inklīzīyah,$c1924.
=300  \\$a60 pages ;$c22 cm
=336  \\$atext$btxt$2rdacontent
=337  \\$aunmediated$bn$2rdamedia
=338  \\$avolume$bnc$2rdacarrier
=500  \\$a"Majmūʻat fuṣūl intīqādīyah mabnīyah ʻalá ḥaqāʼiq rāhinah tufannidu aqwāl hadhā "al-Injīl" wa-tadḥadu daʻāwīh."
=533  \\$aPrint reproduction.
=630  00$aGospel of Barnabas$xCriticism, interpretation, etc.
=630  07$aGospel of Barnabas.$2fast$0(OCoLC)fst01361776
=655  \7$aCriticism, interpretation, etc.$2fast$0(OCoLC)fst01411635

