=LDR  00922cam a2200253Ma 4500
=001  ocm27983348
=003  OCoLC
=005  20150309044611.3
=008  830126s1946\\\\ua\\\\\\\\\\\\000\0\ara\d
=040  \\$aPUL$beng$cPUL$dOCL$dOCLCG$dOCLCQ$dOCLCO
=035  \\$a(OCoLC)27983348
=041  1\$aara$hger
=049  \\$aZYUU
=100  1\$aGoethe, Johann Wolfgang von,$d1749-1832.
=240  10$aIphigenie.$lArabic
=245  10$a⁻If⁻ich⁻in⁻iya ; Igmunt /$cJ⁻uytih = Goethe ; tarjimahum⁻a ʻan al-Alm⁻an⁻iyah Maḥm⁻ud Ibr⁻ah⁻im al-Dis⁻uq⁻i.
=246  3\$aIgm⁻unt
=260  \\$aal-Q⁻ahirah :$bMaktabat al-Nahḍah al-Miṣr⁻iyah,$c1946.
=300  \\$a8, 165 pages ;$c24 cm
=336  \\$atext$btxt$2rdacontent
=337  \\$aunmediated$bn$2rdamedia
=338  \\$avolume$bnc$2rdacarrier
=700  1\$aDis⁻uq⁻i, Maḥm⁻ud Ibr⁻ah⁻im.
=700  12$aGoethe, Johann Wolfgang von,$d1749-1832.$tEgmont.$lArabic.

