=LDR  01166cam a2200253Ma 4500
=001  ocm23932229
=003  OCoLC
=005  20140925175310.6
=008  831227m19751981ir\\\\\\\b\\\\000\0\ara\d
=040  \\$aPUL$beng$cPUL$dOCLCQ$dOCLCF$dOCLCO$dOCLCQ
=035  \\$a(OCoLC)23932229
=049  \\$aZYUU
=100  1\$aPūr al-Shahriḍāʼī, Muḥammad ʻAlī al-Ismāʻīl.
=245  10$aMajmaʻ al-afkār wa-maṭraḥ al-anẓār :$btaqrīrāt baḥth al-uṣūl li-shaykh al-fuqahāʼ wa-al-mujtahidīn Āyat Allāh al-ʻUẓmá al-Ḥājj Mīrzā Hāshim al-Āmilī al-Najafī, madda ẓillahu al-ʻālī /$ctaʼlīf Muḥammad ʻAlī al-Ismāʻīl Pūr al-Shahriḍāʼī.
=260  \\$a[Iran] :$bM.ʻA. al-I. Pūr al-Shahriḍāʼī,$c1395-1402 [1975-1981]
=300  \\$a3 volumes ;$c25 cm
=336  \\$atext$btxt$2rdacontent
=337  \\$aunmediated$bn$2rdamedia
=338  \\$avolume$bnc$2rdacarrier
=504  \\$aIncludes bibliographical references.
=650  \0$aIslam$xCustoms and practices.
=650  \0$aShīʻah.
=650  \7$aIslam$xCustoms and practices.$2fast$0(OCoLC)fst00979785
=650  \7$aShīʻah.$2fast$0(OCoLC)fst01117946

