=LDR  00997cam a2200265Ma 4500
=001  ocm23932341
=003  OCoLC
=005  20180329115128.0
=008  871102m19859999ir\\\\\\\b\\\\000\0\ara\d
=040  \\$aPUL$beng$cPUL$dOCLCQ$dOCLCO$dOCLCA$dOCLCQ$dOCLCO$dOCLCF
=035  \\$a(OCoLC)23932341
=049  \\$aZYUU
=100  1\$aMuẓaffarī, Muḥammad.
=245  10$aĪḍāḥ al-ḥujjah fī sharḥ al-ʻUrwah /$ctaʼlīf Muḥammad al-Muẓaffarī.
=260  \\$aQum :$bal-Maṭbaʻah al-ʻIlmīyah,$c1405- [1985-]
=300  \\$avolumes ;$c25 cm
=336  \\$atext$btxt$2rdacontent
=337  \\$aunmediated$bn$2rdamedia
=338  \\$avolume$bnc$2rdacarrier
=504  \\$aIncludes bibliographical references.
=600  10$aṬabāṭabāʼī al-Yazdī, Muḥammad Kāẓim,$d-1919.$tʻUrwah al-wuthqá.
=650  \0$aIslam$xCustoms and practices.
=650  \0$aShīʻah.
=650  \7$aIslam$xCustoms and practices.$2fast$0(OCoLC)fst00979785
=650  \7$aShīʻah.$2fast$0(OCoLC)fst01117946

