=LDR  00786cam a2200229K  4500
=001  ocm41972772
=003  OCoLC
=005  20141209033233.8
=008  990728s1919\\\\le\\\\\\\\\\\\000\0\ara\d
=040  \\$aPUL$beng$cPUL$dOCLCQ
=035  \\$a(OCoLC)41972772
=049  \\$aZYUU
=100  1\$aDuryān, Yūsuf.
=245  10$aNabdhah taʼrīkhīyah fi aṣl al-ṭaʼifah al-Mārūnīyah ...
=260  \\$aBayrūt,$c1919.
=300  \\$a526 pages$c22 cm
=336  \\$atext$btxt$2rdacontent
=337  \\$aunmediated$bn$2rdamedia
=338  \\$avolume$bnc$2rdacarrier
=546  \\$aTitle-page and text in Arabic.
=500  \\$a3d printing, revised.
=776  08$iOnline version:$aDuryān, Yūsuf.$tNabdhah taʼrīkhīyah fi aṣl al-ṭaʼifah al-Mārūnīyah .$dBayrūt, 1919$w(OCoLC)657167838

