=LDR  01031cam a2200301Ma 4500
=001  ocm30887232
=003  OCoLC
=005  20141028163359.7
=008  940726s1990\\\\ir\\\\\\\b\\\\000\0\ara\d
=040  \\$aPUL$beng$cPUL$dOCLCQ$dOCLCF$dOCLCO$dOCLCQ
=035  \\$a(OCoLC)30887232
=041  1\$aara$hper
=049  \\$aZYUU
=100  1\$aDastʹghayb, ʻAbd al-Ḥusayn.
=240  10$aTawḥīd.$lArabic
=245  13$aal-Tawḥīd /$ctaʼlīf ʻAbd al-Ḥusayn Dastʹghayb ; tarjamah Aḥmad al-Qabānchī.
=260  \\$a[Iran] :$bDār al-Kitāb al-Islāmī,$c1990.
=300  \\$a219 pages ;$c24 cm.
=336  \\$atext$btxt$2rdacontent
=337  \\$aunmediated$bn$2rdamedia
=338  \\$avolume$bnc$2rdacarrier
=490  1\$aSilsilat uṣūl al-dīn ;$v1
=504  \\$aIncludes bibliographical references.
=650  \0$aGod (Islam)
=650  \0$aShīʻah$xDoctrines.
=650  \7$aGod (Islam)$2fast$0(OCoLC)fst00944142
=650  \7$aShīʻah$xDoctrines.$2fast$0(OCoLC)fst01117948
=830  \0$aSilsilat uṣūl al-dīn ;$v1.

