=LDR  01320cam a2200277Ma 4500
=001  ocm80636825
=003  OCoLC
=005  20170328230022.1
=008  840118m19701982ir\\\\\\\\\\\\000\0\ara\d
=040  \\$aPUL$beng$cPUL$dOCLCG$dOCLCA$dOCLCQ$dOCLCO$dOCLCF$dOCLCQ
=035  \\$a(OCoLC)80636825
=049  \\$aZYUU
=100  1\$aShīrāzī, Muḥammad al-Mahdī al-Ḥusaynī.
=245  10$aTawḍīḥ Nahj al-balāghah /$ctaʼlīf Āyatullāh Muḥammad al-Ḥusaynī al-Shīrāzī.
=260  \\$aṬihrān :$bDār Turāth al-Shīʻah,$c[197-?-1982?]
=300  \\$a4 volumes ;$c24 cm
=336  \\$atext$btxt$2rdacontent
=337  \\$aunmediated$bn$2rdamedia
=338  \\$avolume$bnc$2rdacarrier
=500  \\$aIncludes fully vocalized text of Nahj al-balāghah.
=600  10$aSharīf al-Raḍī, Muḥammad ibn al-Ḥusayn,$d969 or 970-1016.$tNahj al-balāghah.
=600  00$aʻAlī ibn Abī Ṭālib,$cCaliph,$dapproximately 600-661$xHadith.
=600  07$aʻAlī ibn Abī Ṭālib,$cCaliph,$dapproximately 600-661.$2fast$0(OCoLC)fst01804105
=630  07$aNahj al-balāghah (Sharīf al-Raḍī, Muḥammad ibn al-Ḥusayn)$2fast$0(OCoLC)fst01368261
=650  \7$aHadith.$2fast$0(OCoLC)fst00950112
=700  12$aSharīf al-Raḍī, Muḥammad ibn al-Ḥusayn,$d969 or 970-1016.$tNahj al-balāghah.

