=LDR  01003cam a2200277K  4500
=001  ocm42824087
=003  OCoLC
=005  20140612195810.5
=008  991114s1908\\\\ua\ab\\\\\\\\\000\0\ara\d
=040  \\$aPUL$beng$cPUL$dOCLCQ$dGZM$dOCLCQ$dOCLCO$dOCLCF
=035  \\$a(OCoLC)42824087
=041  1\$aara$hund
=043  \\$af-et---
=049  \\$aZYUU
=100  1\$aʻAẓm, Ṣādiq al-Muʼayyad,$d-1911.
=245  10$aRiḥlat al-Ḥabashah.
=260  \\$a[Cairo]$c1326 [1908]
=300  \\$a325 pages$billustrations, map$c25 cm
=336  \\$atext$btxt$2rdacontent
=337  \\$aunmediated$bn$2rdamedia
=338  \\$avolume$bnc$2rdacarrier
=500  \\$aTranslated into Arabic by Rafīq bey al-ʻAẓm and Ḥaqqī bey al-ʻAẓm.
=651  \0$aEthiopia$xDescription and travel.
=650  \7$aTravel.$2fast$0(OCoLC)fst01155558
=651  \7$aEthiopia.$2fast$0(OCoLC)fst01205830
=776  08$iOnline version:$aʻAẓm, Ṣādiq al-Muʼayyad, -1911.$tRiḥlat al-Ḥabashah.$d[Cairo] 1326 [1908]$w(OCoLC)663204499

