=LDR  02045cam a2200337Ia 4500
=001  ocm07086200
=003  OCoLC
=005  20170516094156.9
=008  810127s1941\\\\ir\\\\\\\\\\\\000\0\araod
=040  \\$aWAU$beng$cWAU$dOCL$dOCLCF$dOCLCQ$dOCLCO$dLGG
=066  \\$c(3
=035  \\$a(OCoLC)7086200
=050  \4$aBP189$b.S42 1941
=049  \\$aZYUU
=100  1\$6880-01$aal-Shāhābādī, Mīrzā Muḥammad ʻAlī.
=245  10$6880-02$aHādhihi rashaḥāt al-bukhār wa-qabsāt al-anwār :$bwa-ṭulaʻāt al-asrār wa-qarārat al-abṣār wa-maḥaṭṭ al-afkār wa-khulāṣat al-kutub wa-al-asfār wa-sulālat al-ḥukm wa-jāmiʻat al-kalim min nafaḥāt anfās al-ʻalāmah /$cḤujjat al-Islām Āyat Allāh fī al-anāmir Mawlānā al-Aqā Mīrzā Muḥammad ʻAlī al-shahīr bi-al-Shāhābādī al-Iṣfahānī.
=246  3\$6880-03$aRashaḥāt al-bukhār wa-qabsāt al-anwār
=246  3\$6880-04$aQurʼān wa-al-ʻitrah
=260  \\$aṬihrān :$b[publisher not identified],$c1360 [1941]
=300  \\$a192 pages ;$c21 cm
=336  \\$atext$btxt$2rdacontent
=337  \\$aunmediated$bn$2rdamedia
=338  \\$avolume$bnc$2rdacarrier
=650  \0$aSufism.
=650  \0$aReligious life$xIslam.
=650  \7$aReligious life$xIslam.$2fast$0(OCoLC)fst01094119
=650  \7$aSufism.$2fast$0(OCoLC)fst01137257
=880  1\$6100-01/(3/r$aالشاه ابادي، ميرزا محمد علي.
=880  10$6245-02/(3/r$aهاذه رشحات البخار وقبسات الانوار :$bوطلعات الاسرار وقرارة الابصار ومحط الافكار وخلاصة الكتب والاسفار وسلالة الحكم وجامعة الكل من نفحات انفاس العلامة /$cحجة الاسلام آية الله في الانامر مولانا الاقا ميرزا محمد علي الشهير بالشاهابادي الاصفهاني.
=880  3\$6246-03/(3/r$aرشحات البخار وقبسات الانوار
=880  3\$6246-04/(3/r$aقرآن والعترة

