=LDR  01255cam a2200301Ma 4500
=001  ocm27443603
=003  OCoLC
=005  20180329115141.0
=008  840306s1953\\\\sy\\\\\\\\\\\\000\0\ara\d
=040  \\$aPUL$beng$cPUL$dOCLCQ$dOCLCO$dOCLCF
=066  \\$c(3
=029  1\$aGBVCP$b786523638
=035  \\$a(OCoLC)27443603
=049  \\$aZYUU
=100  1\$6880-01$aAbū Rīmah, Muḥammad al-Maḥmūd al-Najjār.
=245  10$6880-02$aHidāyat al-mustafīd fī aḥkām al-tajwīd /$ctaʼlīf Muḥammad al-Maḥmūd al-mashhūr bi-Abī Rīmah.
=250  \\$6880-03$aal-Ṭabʻah 2.
=260  \\$6880-04$aḤalab :$bMaktabat al-Wafāʼ,$c1373 [1953]
=300  \\$a40 pages ;$c22 cm
=336  \\$atext$btxt$2rdacontent
=337  \\$aunmediated$bn$2rdamedia
=338  \\$avolume$bnc$2rdacarrier
=630  00$aQurʼan$xRecitation.
=630  07$aQurʼan.$2fast$0(OCoLC)fst01842877
=880  0\$6100-01/(3/r$aمحمد المحمود المشهور بأبي ريمه.
=880  10$6245-02/(3/r$aهداية المستفيد في احكام التجويد /$cتأليف محمد المحمود المشهور بأبي ريمه.
=880  \\$6250-03/(3/r$aالطبعة ٢.
=880  \\$6260-04/(3/r$aحلب :$bمكتبة الوفاء،$c١٢٧٢ [١٩٥٢]

