=LDR  02160cam a2200433K  4500
=001  ocm42939233
=003  OCoLC
=005  20200224161040.4
=008  991206s1949\\\\ir\c\\\\\\\\\\000\0\araod
=040  \\$aPUL$beng$cPUL$dOCLCQ$dCGU$dOCLCA$dOCLCQ$dOCLCO$dOCLCF$dCGU
=066  \\$c(3$c(4
=035  \\$a(OCoLC)42939233
=090  \\$aBP194.1$b.R374 1949
=049  \\$aZYUU
=100  1\$6880-01$aRashtī, ʻAbd al-Ḥusayn,$d1875-1953.
=245  10$6880-02$aKashf al-ishtibāh /$ctaʼlīf ʻAbd al-Ḥusayn al-Rashtī.
=264  \1$6880-03$aṬihrān :$bMaṭbaʻah al-ʻAskarīyah al-Impirāṭūrīyah,$c1949.
=300  \\$a[2], 215 pages :$bportrait ;$c22 cm
=336  \\$atext$btxt$2rdacontent
=337  \\$aunmediated$bn$2rdamedia
=338  \\$avolume$bnc$2rdacarrier
=500  \\$aForms part of the Islamic Lithographs Collection.$5ICU
=520  \\$aPolemical writing in refutation of Mūsá Jār Allāh's "Washīʻah fī naqḍ ʻaqāʼid al-Shīʻah."
=546  \\$aIn Arabic.
=600  10$6880-04$aBigiev, Musa Dzharullakh,$d1875-1949.$tWashīʻah fī naqḍ ʻaqāʼid al-Shīʻah.
=650  \0$aShiites$vApologetic works.
=650  \0$aShīʻah$xRelations$xSunnites.
=650  \0$aSunnites$xRelations$xShīʻah.
=650  \7$aInterfaith relations.$2fast$0(OCoLC)fst01353343
=650  \7$aShīʻah.$2fast$0(OCoLC)fst01117946
=650  \7$aShiites.$2fast$0(OCoLC)fst01115976
=650  \7$aSunnites.$2fast$0(OCoLC)fst01138714
=655  \7$aApologetic writings.$2fast$0(OCoLC)fst01423698
=710  2\$aIslamic Lithographs Collection.$5ICU
=776  08$iOnline version:$aRashtī, ʻAbd al-Ḥusayn, 1875-1953.$tKashf al-ishtibāh.$dṬihrān : Maṭbaʻah al-ʻAskarīyah al-Impirāṭūrīyah, 1949$w(OCoLC)1141769527
=880  1\$6100-01/(3/r$aرشتي، عبد الحسين،,$d1875-1953.
=880  10$6245-02/(3/r$aكشف الاشتباه /$cتأليف عبد الحسين الرشتي.
=880  \1$6264-03/(3/r$aطهران :$bمطبعة العسكرية الامپراطورية،$c1949.
=880  14$6600-04/(3/r$aجار الله، موسى.$d1875-1949.$tوشيعة في نقض عقائد الشيعة.

