=LDR  01753cam a2200361Ia 4500
=001  ocm15505649
=003  OCoLC
=005  20181108093821.7
=008  870408s1951\\\\le\a\\\\\\\\\\000\p\ara\d
=040  \\$aOSU$beng$cOSU$dOSU$dCUY$dOCLCQ$dOCLCO$dOCLCF$dOCLCQ$dUKMGB
=066  \\$c(3
=016  7\$a016575750$2Uk
=029  1\$aUKMGB$b016575750
=035  \\$a(OCoLC)15505649
=050  \4$aPJ7866.R34$bA921
=049  \\$aZYUU
=100  1\$6880-01$aʻUrayyiḍ, Ibrāhīm.
=245  10$6880-02$aArḍ al-shuhadāʼ :$bmalḥamah shiʻrīyah ʻan maʼsāt Filasṭīn /$cIbrāhīm al-ʻUrayyid.
=260  \\$6880-03$aBayrūt :$bDār al-ʻilm lil-Malāyīn,$c1951.
=300  \\$a144 pages :$billustrations ;$c17 cm
=336  \\$atext$btxt$2rdacontent
=337  \\$aunmediated$bn$2rdamedia
=338  \\$avolume$bnc$2rdacarrier
=500  \\$aPoems.
=505  0\$6880-04$aFātiḥah -- Fī al-firdaws al-maḥfūẓ. Jabal al-Zaytūn --Nashīd al-anshād -- Bāb al-wād -- Haykal Sulaymān -- Qubbat al-Ṣakhrah.
=520  \\$aEpic poem on the the tragedy of Palestine by Bahraini poet Ibrāhīm al-ʻUrayyiḍ.
=650  \0$aJewish-Arab relations$vPoetry.
=650  \7$aJewish-Arab relations.$2fast$0(OCoLC)fst00983106
=655  \7$aPoetry.$2fast$0(OCoLC)fst01423828
=880  1\$6100-01/(3/r$aعريض، ابراهيم.
=880  10$6245-02/(3/r$aأرض الشهداء :$bملحمة شعرية عن مأساة فلسطين /$cابراهيم العريد.
=880  \\$6260-03/(3/r$aبيروت :$bدار العلم للملايين،$c1951.
=880  0\$6505-04$aفاتحة -- في الفردوس المحفوظ. جبل الزيتون -- نشيد الانشاد -- باب الواد -- هيكل سليمان -- قبة الصخرة.

