=LDR  01072cam a2200241Ma 4500
=001  ocm27946515
=003  OCoLC
=005  20180329115108.1
=008  930406m19609999ir\\\\\\\\\\\\000\0\ara\d
=040  \\$aPUL$beng$cPUL$dOCLCQ$dOCLCO$dOCLCQ$dOCLCF
=035  \\$a(OCoLC)27946515
=049  \\$aZYUU
=100  1\$aShīrāzī, Muḥammad al-Mahdī al-Ḥusaynī,$d1928 or 1929-
=245  13$aal-Fiqh :$bwa-huwá sharḥ istidlālī ʻalá kitāb al-ʻUrwah al-wuthqá li-Āyat Allāh al-faqīd al-Sayyid Muḥammad Kāẓim al-Ṭabāṭabāʼī al-Yazdī ... /$cbi-qalam Muḥammad al-Ḥusaynī al-Shīrāzī.
=260  \\$aQum :$bChāpkhānah-i Pīrūz,$c[196-]-
=300  \\$avolumes ;$c24 cm
=336  \\$atext$btxt$2rdacontent
=337  \\$aunmediated$bn$2rdamedia
=338  \\$avolume$bnc$2rdacarrier
=505  1\$a[1] Kitāb al-ṣalāh (v.).
=600  10$aṬabāṭabāʼī, Muḥammad Kāẓim,$d-1919.$tʻUrwah al-wuthqá
=650  \0$aShīʻah$xCustoms and practices.
=650  \7$aShīʻah$xCustoms and practices.$2fast$0(OCoLC)fst01117947

