=LDR  00937cam a2200241Ma 4500
=001  ocm81421583
=003  OCoLC
=005  20180822155049.6
=008  871211s1956\\\\iq\\\\\\\b\\\\000\0\ara\d
=040  \\$aPUL$beng$cPUL$dOCLCG$dOCLCA$dOCLCQ$dOCLCO$dOCLCF$dOCLCQ$dOCLCA
=035  \\$a(OCoLC)81421583
=049  \\$aZYUU
=100  1\$aĀl ʻUṣfūr, Bāqir ibn Aḥmad ibn Khalaf,$d1885 or 1886-
=245  13$aal-Mazāyā wa-al-aḥkām li-ism Nabī al-Islām /$ctaʼlīf Bāqir ibn ... Aḥmad ibn ... Khalaf Āl ʻUṣfūr.
=260  \\$aal-Najaf :$bMaktabat al-Najāḥ,$c1956.
=300  \\$a68 pages ;$c21 cm
=336  \\$atext$btxt$2rdacontent
=337  \\$aunmediated$bn$2rdamedia
=338  \\$avolume$bnc$2rdacarrier
=504  \\$aIncludes bibliographical references.
=600  00$aMuḥammad,$cProphet,$d-632$xName.
=600  07$aMuḥammad,$cProphet,$d-632.$2fast$0(OCoLC)fst01836298
=650  \7$aNames.$2fast$0(OCoLC)fst01032344

