=LDR  00909cam a2200241Mi 4500
=001  ocm32439206
=003  OCoLC
=005  20161208003702.3
=008  950425s1961\\\\ir\\\\\\\\\\\\000\0\ara\d
=040  \\$aTEU$beng$cTEU$dOCLCG$dOCLCQ$dOCLCA$dOCLCF$dOCLCQ$dOCLCO$dOCLCQ
=035  \\$a(OCoLC)32439206
=049  \\$aZYUU
=100  1\$aKulaynī, Muḥammad ibn Yaʻqūb,$d-941?
=245  13$aal-Uṣūl min al-Kāfī :$bmaʻa taʻlīqāt nāfiʻah maʻkhūdahah min ʻiddat shurūḥ ; ṣḥḥaḥahu wa-ʻallaqa ʻalayhi ʻalī Akbar al-Ghaffārī.
=260  \\$aṬahrān :$bMaktabat al-Sudūq,$c1381 [1961]
=300  \\$a2 volumes ;$c25 cm
=336  \\$atext$btxt$2rdacontent
=337  \\$aunmediated$bn$2rdamedia
=338  \\$avolume$bnc$2rdacarrier
=500  \\$aIn Arabic.
=650  \0$aHadith (Shiites)
=650  \7$aHadith (Shiites)$2fast$0(OCoLC)fst00950138
=700  1\$aGhaffārī, ʻAlī Akbar.

