=LDR  00855cam a2200241Ma 4500
=001  ocm37581779
=003  OCoLC
=005  20141118150209.5
=008  970819s1977\\\\ir\\\\\\\\\\\\000\0\ara\d
=040  \\$aPUL$beng$cPUL$dOCLCQ$dOCLCF$dOCLCO$dOCLCQ
=035  \\$a(OCoLC)37581779
=049  \\$aZYUU
=100  1\$aWāsiʻī al-Zanjānī, ʻAbd al-Raḥīm.
=240  10$aIrth
=245  10$aKitāb al-Irth :$bfiqh al-istidlālī /$cli-muʼallifihi ʻAbd al-Raḥīm al-Wāsiʻī al-Zanjānī.
=246  30$aIrth
=260  \\$aTihrān :$bChāpkhānah-i Firdawsī,$c1397 [1977]
=300  \\$a480 pages ;$c25 cm
=336  \\$atext$btxt$2rdacontent
=337  \\$aunmediated$bn$2rdamedia
=338  \\$avolume$bnc$2rdacarrier
=650  \0$aInheritance and succession (Islamic law)
=650  \7$aInheritance and succession (Islamic law)$2fast$0(OCoLC)fst00973401

