=LDR  00841cam a2200229Ia 4500
=001  ocm26520702
=003  OCoLC
=005  20150311034927.2
=008  890228s1976\\\\ir\\\\\\\\\\\\000\0\ara\d
=040  \\$aPUL$beng$cPUL$dDGU$dOCLCQ$dOCLCF$dOCLCQ$dOCLCO
=035  \\$a(OCoLC)26520702
=050  \4$aPJ6106$b.J37 1976
=049  \\$aZYUU
=100  1\$aJamāl al-Dīn, Raʼūf.
=245  13$aal-Muʻjib fī ʻilm al-naḥw :$byataḍammanu falsafat ʻilm al-naḥw wa-al-ḥurūf wafqa al-manhaj al-ʻilmī al-aṣīl /$cRaʼūf Jamāl al-Dīn.
=260  \\$aQum, Īrān :$bDār al-Hijrah,$c[1976?]
=300  \\$a228 pages ;$c25 cm
=336  \\$atext$btxt$2rdacontent
=337  \\$aunmediated$bn$2rdamedia
=338  \\$avolume$bnc$2rdacarrier
=650  \0$aArabic language$xGrammar.
=650  \7$aArabic language$xGrammar.$2fast$0(OCoLC)fst00812341

