=LDR  01731cam a2200445Ki 4500
=001  ocm42883652
=003  OCoLC
=005  20200314153342.4
=008  991124s1970\\\\iq\\\\\\\bm\\\000\0\ara\d
=040  \\$aPUL$beng$cPUL$dOCLCQ$dOCLCF$dOCLCO$dOCLCQ$dOCL$dOCLCQ$dOCLCO$dOCL$dSTF$dOCL
=066  \\$c(3$c(4
=035  \\$a(OCoLC)42883652
=043  \\$aa-iq---
=090  \\$aPJ8040$b.M8 1970
=049  \\$aZYUU
=100  1\$6880-01$aMubārak, ʻAbd al-Ḥusayn.
=245  10$6880-02$aThawrat 1920 fī al-shiʻr al-ʻIrāqī /$cʻAbd al-Ḥusayn al-Mubārak.
=250  \\$6880-03$aal-Ṭabʻah 1.
=260  \\$6880-04$aBaghdād :$bMaṭbaʻat Dār al-Baṣrī,$c1970.
=300  \\$a288 pages ;$c24 cm
=336  \\$atext$btxt$2rdacontent
=337  \\$aunmediated$bn$2rdamedia
=338  \\$avolume$bnc$2rdacarrier
=546  \\$aIn Arabic.
=502  \\$bM.A.$cʻAyn Shams University
=504  \\$aIncludes bibliographical references (pages 261-276).
=651  \0$aIraq$xHistory$yRevolt, 1920$vPoetry.
=650  \0$aArabic poetry$zIraq.
=650  \7$aArabic poetry.$2fast$0(OCoLC)fst00812533
=651  \7$aIraq.$2fast$0(OCoLC)fst01205757
=647  \7$aRevolt$c(Iraq :$d1920)$2fast$0(OCoLC)fst01354446
=648  \7$a1920$2fast
=655  \7$aAcademic theses.$2fast$0(OCoLC)fst01726453
=655  \7$aHistory.$2fast$0(OCoLC)fst01411628
=655  \7$aPoetry.$2fast$0(OCoLC)fst01423828
=655  \7$aAcademic theses.$2lcgft
=880  1\$6100-01/(3/r$aمبارک، عبد الحسين.
=880  10$6245-02/(3/r$aثورة 1920 في الشعر العراقي /$cعبد الحسين المبارك.
=880  \\$6250-03/(3/r$aالطبعة 1.
=880  \\$6260-04/(3/r$aبغداد :$bمطبعة دار البصري،$c1970.

