=LDR  01031cam a2200277Ma 4500
=001  ocm29531832
=003  OCoLC
=005  20141023092157.8
=008  931203s1988\\\\ir\\\\\\\\\\\\000\0\ara\d
=040  \\$aPUL$beng$cPUL$dCGU$dOCLCG$dLGG$dOCLCA$dOCLCQ$dOCLCO$dOCLCA$dOCLCF$dOCLCQ
=035  \\$a(OCoLC)29531832
=050  \4$aBP166.93$b.T33 1988
=049  \\$aZYUU
=100  1\$aTabrīzī, Abū Ṭālib Tajlīl.
=245  10$aMan huwa al-Mahdī? (ʻa.) /$ctaʼlīf Abū Ṭālib al-Tajlīl al-Tabrīzī.
=250  \\$aal-Ṭabʻah 2.
=260  \\$aQum :$bMuʼassasat al-Nashr al-Islāmī al-tābiʻah li-Jamāʻat al-Mudarrisīn,$c1409 [1988 or 1989]
=300  \\$a552 pages ;$c25 cm
=336  \\$atext$btxt$2rdacontent
=337  \\$aunmediated$bn$2rdamedia
=338  \\$avolume$bnc$2rdacarrier
=500  \\$a"533."
=600  10$aMahdī, Muḥammad ibn al-Ḥasan,$d869-
=650  \0$aHadith.
=600  17$aMahdī, Muḥammad ibn al-Ḥasan,$d869-$2fast$0(OCoLC)fst01832274
=650  \7$aHadith.$2fast$0(OCoLC)fst00950112

