=LDR  00981cam a2200265K  4500
=001  ocm42943653
=003  OCoLC
=005  20160720221210.9
=008  991207q19591960ir\\\\\\\\\\\\000\0\ara\d
=040  \\$aPUL$beng$cPUL$dOCLCQ$dLGG$dOCLCF$dOCLCQ$dOCLCO$dOCLCQ
=035  \\$a(OCoLC)42943653
=041  0\$aara$aper$hund
=050  \4$aBP178$b.R84 1959
=049  \\$aZYUU
=100  1\$aal-Rūḥānī, Aḥmad ibn Ṣādiq al-Ḥuṣaynī,$d1904-
=245  10$aSirr al-saʻādah,$bba-zamīmeh-yi tarjameh yi ān Ramz-i nīkbakhtī, mutarjim:$cAbū al-Qāsim Dānish Āshtiyānī.
=260  \\$aQumm,$c1379 [1959/60]
=300  \\$a138 pages$c22 cm
=336  \\$atext$btxt$2rdacontent
=337  \\$aunmediated$bn$2rdamedia
=338  \\$avolume$bnc$2rdacarrier
=546  \\$aIn Arabic and Persian.
=650  \0$aPrayer$xIslam.
=650  \7$aPrayer$xIslam.$2fast$0(OCoLC)fst01074698
=700  1\$aDānish Āshtiyānī, Abū al-Qāsim ibn Muḥammad Taqī,$d1911-$etranslator.

