=LDR  01423cam a2200337Ma 4500
=001  ocm36463509
=003  OCoLC
=005  20170926162707.2
=008  970218s1989\\\\ir\\\\\\\b\\\\000\0\ara\d
=040  \\$aPUL$beng$cPUL$dOCLCQ$dOCLCF$dOCLCO$dOCLCQ$dOCLCA
=035  \\$a(OCoLC)36463509
=050  14$aBP186.15$b.K323 1989
=049  \\$aZYUU
=100  1\$aKaʻbī al-Ahwāzī, ʻAbd al-Zahrāʼ.
=245  10$aFaḍl al-Jumʻah wa-al-jamāʻah /$cli-ʻAbd al-Zahrāʼ al-Kaʻbī al-Ahwāzī. Wa-talīhi Risālah fī ṣalāt al-Jumʻah / lil-Shahīd al-Thānī Zayn al-Dīn ibn ʻAlī al-Jubbaʻī al-ʻĀmilī.
=246  3\$aRisālah fī ṣalāt al-Jumʻah
=250  \\$aal-Ṭabʻah 1.
=260  \\$a[Qom] :$bMuʼassasat al-Nashr al-Islāmī al-tābiʻah li-Jamāʻat al-Mudarrisīn bi-Qum al-Musharrafah,$c1410 [1989 or 1990]
=300  \\$a71, 67 pages ;$c24 cm
=336  \\$atext$btxt$2rdacontent
=337  \\$aunmediated$bn$2rdamedia
=338  \\$avolume$bnc$2rdacarrier
=500  \\$a"564-565."
=504  \\$aIncludes bibliographical references.
=650  \0$aJumʻah.
=650  \0$aSabbath.
=650  \0$aPrayer$xIslam.
=650  \7$aJumʻah.$2fast$0(OCoLC)fst00984834
=650  \7$aPrayer$xIslam.$2fast$0(OCoLC)fst01074698
=650  \7$aSabbath.$2fast$0(OCoLC)fst01102941
=700  12$aShahīd al-Thānī, Zayn al-Dīn ibn ʻAlī,$d1506-1559.$tRisālah fī ṣalāt al-Jumʻah.

