=LDR  00719cam a2200229K  4500
=001  ocm42865703
=003  OCoLC
=005  20180509192305.5
=008  991120s1961\\\\sy\a\\\\\f\\\\000\0\ara\d
=040  \\$aPUL$beng$cPUL$dOCL$dOCLCQ$dOCLCF$dOCL
=035  \\$a(OCoLC)42865703
=049  \\$aZYUU
=100  1\$aKhāṭir, Murshid,$d1888-
=245  10$aFann al-tamrīd.
=260  \\$aDamascus,$bMaṭbaʻat Jāmiʻat Dimashq$c[1961]
=300  \\$a691 pages$billustrations$c26 cm
=336  \\$atext$btxt$2rdacontent
=337  \\$aunmediated$bn$2rdamedia
=338  \\$avolume$bnc$2rdacarrier
=546  \\$aIn Arabic.
=650  \0$aNurses and nursing$vHandbooks, manuals, etc.
=655  \7$aHandbooks and manuals.$2fast$0(OCoLC)fst01423877

