=LDR  01988cam a2200361Ma 4500
=001  ocm27946905
=003  OCoLC
=005  20180329115148.7
=008  930407m19839999ir\\\\\\\b\\\\000\0\ara\d
=040  \\$aPUL$beng$cPUL$dOCLCQ$dOCLCO$dOCLCF
=066  \\$c(3
=035  \\$a(OCoLC)27946905
=049  \\$aZYUU
=100  1\$6880-01$aFāz̤il Lankarānī, Muḥammad.
=240  10$6880-02$aTafṣīl al-sharīʻah fī sharḥ Taḥrīr al-wasīlah
=245  10$6880-03$aAḥkām al-takhallī wa-al-wuḍūʼ min kitāb Tafṣīl al-sharīʻah fī sharḥ Taḥrīr al-wasīlah /$cbi-qalam Muḥammad al-Muwaḥḥidī al-Lankarānī al-shahīr bi-al-Fāḍil.
=246  3\$aTafṣīl al-sharīʻah fī sharḥ Taḥrīr al-wasīlah
=260  \\$6880-04$aQum :$bJāmiʻat al-Mudarrisīn fī al-Ḥawzah al-ʻIlmīyah,$c1403- [1983-]
=300  \\$avolumes ;$c25 cm
=336  \\$atext$btxt$2rdacontent
=337  \\$aunmediated$bn$2rdamedia
=338  \\$avolume$bnc$2rdacarrier
=500  \\$aVol. title preceeds title on title pages.
=504  \\$aIncludes bibliographical references.
=505  1\$aal-juzʼ 3. Aḥkām al-takhallī wa-al-wuḍūʼ.
=600  10$aKhomeini, Ruhollah.$tTaḥrīr al-wasīlah.
=650  \0$aIslamic law$xInterpretation and construction.
=650  \7$aIslamic law$xInterpretation and construction.$2fast$0(OCoLC)fst00979955
=880  0\$6100-01/(3/r$aمحمد الفاضل اللنكراني.
=880  10$6240-02/(3/r$aتفصيل الشريعة في شرح تحرير الوسيلة
=880  10$6245-03/(3/r$aاحكام التخلي والوضوء من كتاب تفصيل الشريعة في شرح تحرير الوسيلة /$cبقلم محمد الموحدي اللنكراني الشهير بالفاضل.
=880  \\$6260-04/(3/r$aقم :$bجامعة المدرسين في الحوزة العلمية،$c١٤٠٣- [١٩٨٣-]
=880  0\$6740-00/(3/r$aتفصيل الشريعة في شرح تحرير الوسيلة.

