=LDR  00735cam a2200217K  4500
=001  ocm42830705
=003  OCoLC
=005  20140612201441.5
=008  991115s195u\\\\su\\\\\\\\\\\\000\0\ara\d
=040  \\$aPUL$beng$cPUL$dOCLCQ$dOCLCO$dOCLCF
=035  \\$a(OCoLC)42830705
=049  \\$aZYUU
=100  1\$aIbn Muʻammar, Aḥmad ibn Nāṣir,$d-1810.
=245  13$aal-Fawākih al-ʻidhāb fī al-radd ʻalā man yuhkim al-sunnah wa-al-kitāb.
=300  \\$aal-Riyāḍ,$bMuʼassasat al-Nūr lil-Ṭibāʻah wa-al-tajlīd$c[195-?]
=300  \\$a78 pages$c17 cm
=336  \\$atext$btxt$2rdacontent
=337  \\$aunmediated$bn$2rdamedia
=546  \\$aIn Arabic.
=650  \0$aWahhābīyah.
=650  \7$aWahhābīyah.$2fast$0(OCoLC)fst01169912

