=LDR  00715cam a2200229K  4500
=001  ocm42847350
=003  OCoLC
=005  20141209224307.7
=008  991118s1963\\\\sy\\\\\\\\\\\\000\0\ara\d
=040  \\$aPUL$beng$cPUL$dOCLCQ$dOCLCO
=035  \\$a(OCoLC)42847350
=049  \\$aZYUU
=100  1\$aĀl Yūsuf, ʻAlī ibn Sulaymān,$ecompiler.
=245  10$aArbaḥ al-biḍāʻah fī muʻtaqad ahl al-Sunnah wa-al-jamāʻah.
=250  \\$a[al-Tabʻah 2.].
=260  \\$aDamascus,$bal-Maktab al-Islāmī$c[1963]
=300  \\$a81 pages$c24 cm
=336  \\$atext$btxt$2rdacontent
=337  \\$aunmediated$bn$2rdamedia
=338  \\$avolume$bnc$2rdacarrier
=546  \\$aIn Arabic.
=650  \0$aIslam$xCatechisms, creeds, etc.

