=LDR  00804cam a2200253K  4500
=001  ocm42840823
=003  OCoLC
=005  20180820172941.3
=008  991117s1959\\\\sy\\\\\\\\\\\\000\0\ara\d
=040  \\$aPUL$beng$cPUL$dOCLCQ$dOCLCF$dOCLCO$dOCLCQ$dOCLCA
=035  \\$a(OCoLC)42840823
=043  \\$aa-sy---
=049  \\$aZYUU
=100  1\$aal-ʻAjlānī, ʻAdnān,$d1917-
=245  13$aal-Qaḍāʼ al-idārī wa-majlis al-dawlah.
=260  \\$aDamascus,$bMaṭbaʻat Jāmiʻat Dimashq,$c1959.
=300  \\$a373 pages$c25 cm
=336  \\$atext$btxt$2rdacontent
=337  \\$aunmediated$bn$2rdamedia
=338  \\$avolume$bnc$2rdacarrier
=546  \\$aIn Arabic.
=650  \0$aAdministrative law$zSyria.
=650  \7$aAdministrative law.$2fast$0(OCoLC)fst00796846
=651  \7$aSyria.$2fast$0(OCoLC)fst01208757

