=LDR  00829cam a2200229Ma 4500
=001  ocm80057607
=003  OCoLC
=005  20170620131340.6
=008  870106s1945\\\\ua\\\\\\\\\\\\000\0aara\d
=040  \\$aPUL$beng$cPUL$dOCLCG$dOCLCF$dOCLCQ$dOCLCA
=035  \\$a(OCoLC)80057607
=049  \\$aZYUU
=100  1\$aGorky, Maksim,$d1868-1936.
=245  10$aDhikrayāt Maksīm Jūrkī /$cMāksīm Jūrkī ; tarjamat ʻAbd al-Muʻīn al-Mallūḥī.
=260  \\$aal-Qāhirah :$bDār al-Qarn al-ʻIshrīn,$c1945.
=300  \\$a184 pages ;$c21 cm
=336  \\$atext$btxt$2rdacontent
=337  \\$aunmediated$bn$2rdamedia
=338  \\$avolume$bnc$2rdacarrier
=500  \\$aAt head of title: Lajnat Nashr al-Thaqāfah al-Jadīdah.
=600  10$aGorky, Maksim,$d1868-1936.
=600  17$aGorky, Maksim,$d1868-1936.$2fast$0(OCoLC)fst00061536

