=LDR  01740cam a2200361Mi 4500
=001  ocm67307852
=003  OCoLC
=005  20200730134522.1
=008  890828s1908\\\\le\\\\\\\\\\\\000\0\ara\d
=040  \\$aEYM$beng$cEYM$dYUS$dOCLCF$dOCLCO$dOCLCQ$dOCLCO$dUKMGB$dEYM
=066  \\$c(3$cArab
=016  7\$a016575894$2Uk
=029  1\$aUKMGB$b016575894
=035  \\$a(OCoLC)67307852
=050  \4$aPJ7840$b.J46 N7
=049  \\$aZYUU
=100  1\$aJazāʼirī, Muḥammad ibn ʻAbd al-Qādir,$d-1913.
=245  10$6880-01$aNukhbat ʻiqd al-ajyād fī al-ṣāfināt al-jīyād /$ctaʼlīf Muḥammad Najil ʻAbd al-Qādir al-Ḥusaynī al-Jazāʼirī.
=260  \\$aBayrūt :$bal-Maṭbaʻah al-ahlīyah,$c[1908]
=300  \\$a304 pages ;$c20 cm
=336  \\$atext$btxt$2rdacontent
=337  \\$aunmediated$bn$2rdamedia
=338  \\$avolume$bnc$2rdacarrier
=520  \\$aA historical and pratical treatise on the Arab horse. Abridged by the author from his work entitled ʿIqd al-ajyād.
=650  \0$aHorses$vPoetry.
=650  \7$aHorses.$2fast$0(OCoLC)fst00960603
=655  \7$aPoetry.$2fast$0(OCoLC)fst01423828
=655  \7$aQuotations.$2fast$0(OCoLC)fst01423792
=776  08$iOnline version:$aJazāʼirī, Muḥammad ibn ʻAbd al-Qādir, d 1913.$tNukhbat ʻiqd al-ajyād fī al-ṣāfināt al-jīyād.$dBayrūt, al-Maṭbaʻah al-ahlīyah, [1908]$w(OCoLC)586083643
=880  1\$6100-00/(3/r$aجزائري، محمد باشا،$cأمير مسكر.
=880  10$6245-01/(3/r$aنخبة عقد الأجياد في الصافنات الجياد.
=880  \\$6260-00/(3/r$aبيروت :$bالمطبعة الأهلية،$c1326 [1908]
=880  \1$6264-00$aبيروت :$bالمطبعة الأهلية،$c1326 [1908]

