=LDR  01044cam a2200265Ma 4500
=001  ocm30940120
=003  OCoLC
=005  20181102165909.4
=008  940805m19821984ir\\\\\\\bd\\\001\0\ara\d
=040  \\$aPUL$beng$cPUL$dOCLCQ$dOCLCO$dOCLCQ$dOCLCO$dOCLCF$dOCLCA
=035  \\$a(OCoLC)30940120
=049  \\$aZYUU
=100  1\$aMuḥammadī Rayʹshahrī.
=245  10$aMīzān al-ḥikmah :$bakhlāqī, ʻaqīdatī, ijtimāʻī, siyāsī iqtiṣādī, adabī /$cal-Muḥammmadī al-Rayʹshahrī.
=260  \\$aQum :$bMarkaz al-Nashr, Maktab al-Iʻlām al-Islāmī,$c1362-1363 [1983-1984]
=300  \\$a10 volumes ;$c22 cm
=336  \\$atext$btxt$2rdacontent
=337  \\$aunmediated$bn$2rdamedia
=338  \\$avolume$bnc$2rdacarrier
=504  \\$aIncludes bibliographical references and indexes.
=630  00$aQurʼan$vDictionaries.$lArabic.
=650  \0$aHadith$vDictionaries$xArabic.
=630  07$aQurʼan.$2fast$0(OCoLC)fst01842877
=650  \7$aHadith.$2fast$0(OCoLC)fst00950112
=655  \7$aDictionaries.$2fast$0(OCoLC)fst01423826

