=LDR  00885cam a2200229K  4500
=001  ocm43492240
=003  OCoLC
=005  20141210180632.4
=008  000221s1921\\\\ir\\\\\\\\\\\\000\0\ara\d
=040  \\$aPUL$beng$cPUL$dOCLCQ
=035  \\$a(OCoLC)43492240
=049  \\$aZYUU
=100  1\$aMarandī, Abū al-Ḥasan.
=245  10$aLamaʻān al-anwār.$bJild-i khāmis-i Nūr al-anwār dar ʻalāʼim-i ẓuḥūr-i nāmus-i dahr, ḥujjat-i ʻaṣr Qāʼim-i āl-i Muḥammad.
=260  \\$a[Tehran]$c1338 [i.e. 1340 [1921]]
=300  \\$a303, 23 pages$c22 cm
=336  \\$atext$btxt$2rdacontent
=337  \\$aunmediated$bn$2rdamedia
=338  \\$avolume$bnc$2rdacarrier
=546  \\$aIn Arabic.
=600  00$aMuḥammad al-Mahdī,$c12th imām,$d869-
=776  08$iOnline version:$aMarandī, Abū al-Ḥasan.$tLamaʻān al-anwār.$d[Tehran] 1338 [i.e. 1340 [1921]]$w(OCoLC)659459301

