=LDR  00976cam a2200241Ma 4500
=001  ocm22322873
=003  OCoLC
=005  20140919194900.0
=008  890324s1983\\\\ir\\\\\\\b\\\f000\0\ara\d
=040  \\$aPUL$beng$cPUL$dOCL$dOCLCQ$dOCLCF$dOCLCO$dOCLCQ
=035  \\$a(OCoLC)22322873
=049  \\$aZYUU
=100  1\$aMuṭahharī, Murtaz̤á.
=245  13$aal-Insān wa-al-qadar /$cĀyat Allāh al-Shahīd al-Muṭahharī ; [al-mutarjim, Muḥammad ʻAlī al-Taskhīrī].
=250  \\$aal-Ṭabʻah 4.
=260  \\$aṬihrān :$bMunaẓẓamat al-Iʻlām al-Islāmī, Muʻāwunīyat al-ʻAlāqāt al-Dawlīyah,$c1987.
=300  \\$a87 pages ;$c21 cm
=336  \\$atext$btxt$2rdacontent
=337  \\$aunmediated$bn$2rdamedia
=338  \\$avolume$bnc$2rdacarrier
=504  \\$aIncludes bibliographical references.
=650  \0$aFree will and determinism$xReligious aspects$xIslam.
=650  \7$aFree will and determinism$xReligious aspects$xIslam.$2fast$0(OCoLC)fst00933979

