=LDR  00977cam a2200277Ia 4500
=001  ocm15721949
=003  OCoLC
=005  20150328234059.0
=008  870521s1927\\\\ua\b\\\\\\\\\\000\0\arar\
=010  \\$ane 68003543 
=040  \\$aDLC$beng$cOSU$dOCLCF$dOCLCQ$dOCLCO
=029  1\$aAU@$b000027084563
=035  \\$a(OCoLC)15721949
=050  \\$aD25$b.K47 1927
=049  \\$aZYUU
=100  1\$aKhabbāz, Ḥannā.
=245  13$aal-Maʻārik al-fāṣilah fī al-tārīkh /$ctaʻlīf Ḥannā Khabbāz.
=260  \\$aMiṣr :$bIdārat al-Hilāl,$c1927.
=300  \\$a216 pages :$bmaps, portraits ;$c20 cm
=336  \\$atext$btxt$2rdacontent
=337  \\$aunmediated$bn$2rdamedia
=338  \\$avolume$bnc$2rdacarrier
=530  \\$aAlso issued online.
=650  \0$aBattles.
=650  \7$aBattles.$2fast$0(OCoLC)fst00828915
=776  08$iOnline version:$aKhabbāz, Ḥannā.$tMaʻārik al-fāṣilah fī al-tārīkh.$dMiṣr : Idārat al-Hilāl, 1927$w(OCoLC)565162285

