=LDR  00821cam a2200253Ma 4500
=001  ocm29745490
=003  OCoLC
=005  20141022163424.7
=008  940110s1931\\\\le\\\\\\\b\\\\000\0\ara\d
=040  \\$aPUL$beng$cPUL$dOCLCQ$dOCLCF$dOCLCQ
=035  \\$a(OCoLC)29745490
=049  \\$aZYUU
=100  1\$aFūrd, Jūrj.
=245  10$aNūr al-ʻālam /$ctaʼlīf Jūrj Fūrd al-Amīrkānī.
=250  \\$aṬabʻah 3.
=260  \\$aBayrūt :$bal-Maṭbaʻah al-Amīrkānīyah,$c1931.
=300  \\$a72 pages ;$c19 cm
=336  \\$atext$btxt$2rdacontent
=337  \\$aunmediated$bn$2rdamedia
=338  \\$avolume$bnc$2rdacarrier
=504  \\$aIncludes bibliographical references.
=600  00$aJesus Christ$xTeachings.
=600  07$aJesus Christ.$2fast$0(OCoLC)fst00040116
=650  \7$aTeachings.$2fast$0(OCoLC)fst01355128

