=LDR  01048cam a2200253Ma 4500
=001  ocm26285914
=003  OCoLC
=005  20141007151945.3
=008  881005s1882\\\\le\\\\\\\\\\\\000\0\ara\d
=040  \\$aPUL$beng$cPUL$dOCLCQ$dOCLCF$dOCLCO$dOCLCQ
=035  \\$a(OCoLC)26285914
=043  \\$aa-sy---
=049  \\$aZYUU
=245  03$aal-Muḥāḍarah al-adabīyah wa-al-muḥāwarah al-Ḥalabīyah /$cjamʻ Muḥammad Nuʻmān Muqayyadʹzādah.
=260  \\$aBayrūt :$bal-Maṭbaʻah al-Adabīyah,$c1300 [1882 or 1883]
=300  \\$a19 pages ;$c20 cm
=336  \\$atext$btxt$2rdacontent
=337  \\$aunmediated$bn$2rdamedia
=338  \\$avolume$bnc$2rdacarrier
=650  \0$aArabic poetry$zSyria$zAleppo.
=650  \7$aArabic poetry.$2fast$0(OCoLC)fst00812533
=651  \7$aSyria$zAleppo.$2fast$0(OCoLC)fst01213345
=700  1\$aMuqayyadʹzādah, Muḥammad Nuʻmān.
=776  08$iOnline version:$tMuḥāḍarah al-adabīyah wa-al-muḥāwarah al-Ḥalabīyah.$dBayrūt : al-Maṭbaʻah al-Adabīyah, 1300 [1882 or 1883]$w(OCoLC)657142453

