=LDR  02123cam a2200385Ka 4500
=001  ocm40553901
=003  OCoLC
=005  20150216105423.7
=008  981229s1969\\\\iq\\\\\\\\\\\\000\0\ara\d
=040  \\$aCUD$beng$cCUD$dOCL$dOCLCG$dZAS$dOCLCF$dOCLCQ$dOCLCO
=066  \\$c(3
=029  1\$aNLGGC$b152447547
=035  \\$a(OCoLC)40553901
=050  14$aBP189.26$bQ88
=049  \\$aZYUU
=100  1\$6880-01$aQushayrī, ʻAbd al-Karīm ibn Hawāzin,$d986-1072.
=245  10$6880-02$aʼArbaʻ rasāʼil fī ʼal-taṣawwuf /$cli-ʼAbī ʼal-Qāsim ʼal-Qus︠h︡ayrī ; [taḥqīq] Qāsim ʼal-Sāmarrāʼī.
=260  \\$6880-03$aBag︠h︡dād :$bʼal-Majmaʻ ʼal-ʻIlmī ʼal-ʻIrāqī,$c1969.
=300  \\$a87 pages ;$c25 cm.
=336  \\$atext$btxt$2rdacontent
=337  \\$aunmediated$bn$2rdamedia
=338  \\$avolume$bnc$2rdacarrier
=490  0\$aMaṭbūʻāt ʼal-Majmaʻ ʼal-ʻIlmī ʼal-ʻIrāqī
=500  \\$a"Mustall min ʼal-mujalladayn ʼal-sābiʻ ʻas︠h︡ar wa-ʼal-t︠h︡āmin ʻas︠h︡ar min Majallat ʼal-Majmaʻ ʼal-ʻIlmī ʼal-ʻIrāqī"
=505  0\$aKitāb muk︠h︡taṣar fī ʼal-tawbah; Kitāb ʻibārāt ʼal-ṣūfīyah wa-maʻānīhā; Kitāb mant︠h︡ūr ʼal-k︠h︡iṭāb fī mas︠h︡hūr ʼal-ʼabwāb; ʼal-Qaṣīdah ʼal-Ṣūfīyah; Maṣādir ʼal-baḥt︠h︡.
=650  \0$aSufism$vEarly works to 1800.
=650  \7$aSufism.$2fast$0(OCoLC)fst01137257
=655  \7$aEarly works.$2fast$0(OCoLC)fst01411636
=700  1\$6880-04$aSāmarrāʼī, Qāsim.
=880  1\$6100-01/(3/r$aقشيري، عبد الكريم بن حوازن.
=880  10$6245-02/(3/r$aأربع رسائل في التصوف /$cلأبي القاسم القشيري ؛ تحقيق وتقديم قاسم السامرائي.
=880  \\$6260-03/(3/r$aبغداد :$bالمجمع العلمي العراقي،$c١٩٦٩.
=880  1\$6490-00/(3/r$aمطبوعات المجمع العلمي العراقي
=880  1\$6700-04/(3/r$aسامرائي، قاسم.
=880  \0$6830-00/(3/r$aمطبوعات المجمع العلمي العراقي.

