=LDR  01558cam a2200361Ma 4500
=001  ocm61557344
=003  OCoLC
=005  20150224102348.5
=008  930115m19889999ir\\\\\\\\\\\f000\0\ara\d
=040  \\$aLGG$beng$cLGG$dOCLCF$dOCLCO$dOCLCQ
=066  \\$c(3
=035  \\$a(OCoLC)61557344
=041  1\$aara$hper
=050  \4$aBP166$b.M5712 1988
=049  \\$aZYUU
=100  1\$6880-01$aMiṣbāḥ Yazdī, Muḥammad Taqī.
=245  10$6880-02$aDurūs fī al-ʻaqīdah al-Islāmīyah /$ctaʼlīf Muḥammad Taqī Miṣbāḥ Yazdī.
=250  \\$aal-Ṭabʻah al-ʻArabīyah 1.
=260  \\$aṬihrān :$bMuʻāwanīyat al-ʻAlaqāt al-Dawlīyah fī Munaẓẓamat al-Iʻlām al-Islāmī,$c1988-
=300  \\$avolumes.
=336  \\$atext$btxt$2rdacontent
=337  \\$aunmediated$bn$2rdamedia
=338  \\$avolume$bnc$2rdacarrier
=490  1\$aMunaẓẓamat al-Iʻlām al-Islāmī ;$v305
=500  \\$a" ... hādhā al-kitāb ullifa lil-tadrīs fī al-mustawá al-mutawassiṭ ..."--Page 12.
=650  \0$aIslam$xDoctrines.
=650  \7$aIslam$xDoctrines.$2fast$0(OCoLC)fst00979787
=740  0\$aʻAqīdah al-Islāmīyah.
=830  \0$aMunaẓẓamat al-Iʻlām al-Islāmī ;$v305.
=880  1\$6100-01/(3/r$aمصباح يزدي، محمد تقي.
=880  10$6245-02/(3/r$aدروس في العقيدة الاسلامية /$cتأليف محمد تقي مصباح اليزدي.
=880  \\$6250-00/(3/r$aالطبعة 1.
=880  \\$6260-00/(3/r$aطهران :$bمنظمة الإعلام الاسلامي،$c1993.

