=LDR  01045cam a2200301Ma 4500
=001  ocm34301803
=003  OCoLC
=005  20160720185256.0
=008  951221s197u\\\\ir\\\\\\\\\\\\000\0\ara\d
=040  \\$aPUL$beng$cPUL$dOCLCQ$dOCLCF$dOCLCO$dOCLCQ
=035  \\$a(OCoLC)34301803
=041  0\$aara$aper
=050  14$aBP194$b.S327 1970z
=049  \\$aZYUU
=100  1\$aSharīʻatī al-Iṣfahānī, Muḥammad Bāqir.
=245  10$aĪqāẓ al-bashar bi-aʻlām al-khaṭar /$ctaʼlīf Muḥammad Bāqir al-Sharīʻatī al-Iṣfahānī.
=260  \\$a[Iran?] :$b[publisher not identified],$c[197-?]
=300  \\$a157 pages ;$c21 cm
=336  \\$atext$btxt$2rdacontent
=337  \\$aunmediated$bn$2rdamedia
=338  \\$avolume$bnc$2rdacarrier
=546  \\$aArabic and Persian.
=650  \0$aShīʻah$xDoctrines.
=650  \0$aIslam$xDoctrines.
=650  \0$aImamate.
=650  \7$aImamate.$2fast$0(OCoLC)fst00967643
=650  \7$aIslam$xDoctrines.$2fast$0(OCoLC)fst00979787
=650  \7$aShīʻah$xDoctrines.$2fast$0(OCoLC)fst01117948

