=LDR  00819cam a2200253Ii 4500
=001  ocm28797310
=003  OCoLC
=005  20150308135744.5
=008  930910s1963\\\\sy\\\\\\\\\\\\000\0\ararc
=010  \\$ane 65000264 
=040  \\$aPrinceton Univ. Libr.$beng$cCUY$dOCLCF$dOCLCQ$dOCLCO
=035  \\$a(OCoLC)28797310
=050  \4$aBP136$b.S3 1963
=049  \\$aZYUU
=100  1\$aṢāliḥ, Ṣubḥī.
=245  10$aʻUlūm al ḥadīth, wa-muṣṭalaḥuhu :$bʻarḍ wa-dirāsah /$ctalif Subḥī al-Ṣāliḥ.
=250  \\$aal-Ṭabʻah 2.
=260  \\$aDimashq :$bMaṭbaʻat Jāmiʻat Dimashq,$c1963.
=300  \\$a328 pages ;$c25 cm
=336  \\$atext$btxt$2rdacontent
=337  \\$aunmediated$bn$2rdamedia
=338  \\$avolume$bnc$2rdacarrier
=650  \0$aHadith.
=650  \7$aHadith.$2fast$0(OCoLC)fst00950112

