=LDR  00690cam a2200217Ma 4500
=001  ocm80396804
=003  OCoLC
=005  20170310042403.9
=008  961111s1962\\\\sy\a\\\\\\\\\\000\0\ara\d
=010  \\$a   67000235 
=040  \\$aHLS$beng$cHLS$dOCLCQ
=035  \\$a(OCoLC)80396804
=049  \\$aZYUU
=100  1\$aNāʻūrī, ʻĪsá.
=245  10$aAkhī al-insān!.al-majmūʻah al-shiʻrīyah al-thānīyah /$ctaʼlīf ʻĪsá al-Nāʻūrī.
=250  \\$aal-Ṭabʻah 1.
=260  \\$aḤalab :$bDār al-Rāūid,$c1962.
=300  \\$a120 pages :$b1 illustration ;$c17 cm
=336  \\$atext$btxt$2rdacontent
=337  \\$aunmediated$bn$2rdamedia
=338  \\$avolume$bnc$2rdacarrier

