=LDR  00938cam a2200229Ma 4500
=001  ocm36420745
=003  OCoLC
=005  20141120220603.2
=008  970213s1953\\\\ir\\\\\\\\\\\\000\0\ara\d
=040  \\$aPUL$beng$cPUL$dOCLCQ$dOCLCF$dOCLCO$dOCLCQ
=035  \\$a(OCoLC)36420745
=049  \\$aZYUU
=100  1\$aRaḍawī al-Kāshānī, Muḥammad Ḥusayn.
=240  10$aMughnī al-faqīh fī al-fiqh al-nabīh
=245  10$aHādhā al-kitāb al-musammá bi-Mughnī al-faqīh fī al-fiqh al-nabīh /$cmin taʼlīfāt Muḥammad Ḥusayn al-Raḍawī al-Kāshānī.
=260  \\$aKāshān :$bChāpkhānah-i Kūshish,$c1373 [1953 or 1954]
=300  \\$a119 pages ;$c22 cm
=336  \\$atext$btxt$2rdacontent
=337  \\$aunmediated$bn$2rdamedia
=338  \\$avolume$bnc$2rdacarrier
=650  \0$aIslamic law$xInterpretation and construction.
=650  \7$aIslamic law$xInterpretation and construction.$2fast$0(OCoLC)fst00979955

