=LDR  01491cam a2200373Ia 4500
=001  ocm32297700
=003  OCoLC
=005  20171215154725.4
=008  950412s1980\\\\ir\\\\\\\b\\\\000\0\arard
=040  \\$aAZU$beng$cAZU$dOCLCQ$dOCL$dOCLCQ$dOCLCF$dOCLCQ$dDHA
=066  \\$c(3$c(4
=035  \\$a(OCoLC)32297700
=050  \4$aBP166.8$b.A67 1980
=084  \\$aPK2576
=049  \\$aZYUU
=100  1\$6880-01$aAnṣārī Zanjānī, Ibrāhīm.
=245  10$6880-02$aMalāḥim al-Qurʼān /$cIbrāhīm al-Anṣārī al-Zanjānī.
=250  \\$6880-03$aChāp-i 2.
=260  \\$a[Qom?] :$b[publisher not identified],$c[1400 [1980]]
=300  \\$a135 pages ;$c25 cm
=336  \\$atext$btxt$2rdacontent
=337  \\$aunmediated$bn$2rdamedia
=338  \\$avolume$bnc$2rdacarrier
=504  \\$aIncludes bibliographical references (pages 133-134).
=650  \0$aIslamic eschatology.
=650  \0$aMahdism.
=650  \0$aShīʻah$xDoctrines.
=650  \7$aIslamic eschatology.$2fast$0(OCoLC)fst01730321
=650  \7$aMahdism.$2fast$0(OCoLC)fst01005990
=650  \7$aShīʻah$xDoctrines.$2fast$0(OCoLC)fst01117948
=776  08$iOnline version:$aAnṣārī Zanjānī, Ibrāhīm.$tMalāḥim al-Qurʼān.$bChāp-i 2.$d[Qom? : s.n., 1400 [1980]]$w(OCoLC)754567377
=880  1\$6100-01/(3/r$aانصاري زنجاني، ابراهيم.
=880  10$6245-02/(3/r$aملاحم القرآن /$cابراهيم الانصاري الزنجاني.
=880  \\$6250-03/(4/r$aچاپ 2.

