=LDR  00592cam a2200205K  4500
=001  ocm41973183
=003  OCoLC
=005  20141209052454.7
=008  990728s1880\\\\ua\\\\\\\\\\\\000\0\ara\d
=040  \\$aPUL$beng$cPUL$dOCLCQ$dOCLCG$dOCLCA$dOCLCQ
=035  \\$a(OCoLC)41973183
=049  \\$aZYUU
=100  1\$aIbn Ṭufayl, Muḥammad ibn ʻAbd al-Malik,$d-1185.
=245  10$aḤayy ibn-Yaqẓān ...
=260  \\$aCairo,$c1880.
=300  \\$a41 pages$c24 cm
=336  \\$atext$btxt$2rdacontent
=337  \\$aunmediated$bn$2rdamedia
=338  \\$avolume$bnc$2rdacarrier
=546  \\$aText and t.p. in Arabic.

