=LDR  01681cam a2200289Ka 4500
=001  ocm40686306
=003  OCoLC
=005  20191020123537.1
=008  990127s1906\\\\ua\\\\\\\\\\\\000\0\ara\d
=040  \\$aCUD$beng$cCUD$dOCL$dOCLCQ$dOCLCG$dOCLCA$dOCLCF$dOCLCQ$dOCLCO$dOCL
=035  \\$a(OCoLC)40686306
=049  \\$aZYUU
=100  1\$aSubkī, Tāj al-Dīn ʻAbd al-Wahhāb ibn ʻAlī,$dapproximately 1327-1370.
=240  10$aṬabaqāt ʼal-S︠h︡āfiʻīyah ʼal-kubrá
=245  14$aʼAl-juzʼ ʼal-ʼawwal[-ʼal-sādis] min Ṭabaqāt ʼal-S︠h︡āfiʻīyah ʼal-kubrá /$cli-Tāj ʼal-Dīn ʼAbī Naṣr ʻAbd ʼal-Wahhāb ibn Taqī ʼal-Dīn ʼal-Subkī.
=250  \\$aʼAl-Ṭabʻah 1.
=260  \\$aMiṣr :$bʼal-Maṭbaʻah ʼal-Ḥusaynīyah,$c1906.
=300  \\$a6 volumes ;$c24 cm
=336  \\$atext$btxt$2rdacontent
=337  \\$aunmediated$bn$2rdamedia
=338  \\$avolume$bnc$2rdacarrier
=500  \\$a"Ṭubiʻa ʻalá nafaqat multazimihi ḥaḍrat ʼal-S︠h︡arīf Mawlāya ʼAḥmad ibn ʻAbd ʼal-Karīm ʼal-Qādirī ʼal-Ḥusnī ʼal-Mag︠h︡ribī ʼal-Fāsī."
=650  \0$aShafiites$vBiography$vEarly works to 1800.
=650  \7$aShafiites.$2fast$0(OCoLC)fst01115053
=655  \7$aBiographies.$2fast$0(OCoLC)fst01919896
=655  \7$aEarly works.$2fast$0(OCoLC)fst01411636
=776  08$iOnline version:$aSubkī, Tāj al-Dīn ʻAbd al-Wahhāb ibn ʻAlī, approximately 1327-1370.$sṬabaqāt ʼal-S︠h︡āfiʻīyah ʼal-kubrá.$tJuzʼ ʼal-ʼawwal[-ʼal-sādis] min Ṭabaqāt ʼal-S︠h︡āfiʻīyah ʼal-kubrá.$bʼAl-Ṭabʻah 1.$dMiṣr : ʼal-Maṭbaʻah ʼal-Ḥusaynīyah, 1906$w(OCoLC)663285219

