=LDR  01125cam a2200301 a 4500
=001  ocm11400566
=003  OCoLC
=005  20160720195844.3
=008  840802s1982\\\\ir\\\\\\\d\\\\000\0\arar\
=010  \\$a   84194443 
=040  \\$aDLC$beng$cDLC$dOCLCQ$dOCLCO$dOCLCF$dOCLCQ$dOCLCO$dOCLCQ
=035  \\$a(OCoLC)11400566
=041  0\$aara$aper
=050  0\$aPK6381.A7$bJ34 1982
=049  \\$aZYUU
=100  1\$aJahānbakhsh, Valī Allāh.
=245  10$aFarhang-i biyān :$blughāt-i ʻArabī - Fārsī, lughāt-i Fārsī - ʻArabī /$cValī Allāh Jahānbakhsh.
=260  \\$aTihrān :$bDunyā-yi Maṭbūʻāt va Intishārāt-i Ḥujjatī,$c1361 [1982]
=300  \\$a964 pages ;$c25 cm
=336  \\$atext$btxt$2rdacontent
=337  \\$aunmediated$bn$2rdamedia
=338  \\$avolume$bnc$2rdacarrier
=500  \\$aArabic and Persian.
=650  \0$aPersian language$vDictionaries$xArabic.
=650  \0$aArabic language$vDictionaries$xPersian.
=650  \7$aArabic language.$2fast$0(OCoLC)fst00812287
=650  \7$aPersian language.$2fast$0(OCoLC)fst01058466
=655  \7$aDictionaries.$2fast$0(OCoLC)fst01423826

