=LDR  01472cam a2200277Ma 4500
=001  ocm35400393
=003  OCoLC
=005  20140902224201.7
=008  960829s1968\\\\ir\\\\\\\\\\\\000\0\ara\d
=040  \\$aPUL$beng$cPUL$dOCLCG$dHVC$dOCLCA$dOCLCQ$dOCLCA$dOCLCQ$dOCLCO$dOCLCF
=035  \\$a(OCoLC)35400393
=049  \\$aZYUU
=100  1\$aMīr Jahānī, Ḥasan.
=240  10$aMiṣbāḥ al-balāghah fī mishkāt al-ṣiyāghah
=245  10$aHādhā huwa al-juzʼ al-awwal[-al-juzʼ al-rābiʻ] min mustadrak Nahj al-balāghah al-mawsūm bi-Miṣbāḥ al-balāghah fī mishkāt al-ṣiyāghah /$cmin taʼlīfāt Ḥasan al-Mīrjahānī al-Ṭabāṭabāʼī al-Muḥammadābādī al-Jarqūyī al-Iṣbahānī.
=246  14$aMustadrak Nahj al-balāghah mawsūm bih Miṣbāḥ al-balāghah
=246  30$aMiṣbāḥ al-balāghah fī mishkāt al-ṣiyāghah
=260  \\$a[Iran] :$bḤ. al-Mīrjahānī al-Ṭabāṭabāʼī,$c1388 [1968 or 1069]
=300  \\$a4 volumes in 2 ;$c25 cm
=336  \\$atext$btxt$2rdacontent
=337  \\$aunmediated$bn$2rdamedia
=338  \\$avolume$bnc$2rdacarrier
=600  00$aʻAlī ibn Abī Ṭālib,$cCaliph,$dapproximately 600-661$xHadith.
=600  07$aʻAlī ibn Abī Ṭālib,$cCaliph,$dapproximately 600-661.$2fast$0(OCoLC)fst01804105
=650  \7$aHadith.$2fast$0(OCoLC)fst00950112
=700  1\$aSharīf al-Raḍī, Muḥammad ibn al-Ḥusayn,$d969 or 970-1016.$tNahj al-balāghah.

