=LDR  02398cam a2200409Ma 4500
=001  ocm36639759
=003  OCoLC
=005  20190202012709.8
=008  970211s1970\\\\iq\\\\\\\b\\\\001\0\arard
=040  \\$aRBN$beng$cRBN$dOCL$dOCLCQ$dOCLCO$dOCLCQ$dOCLCF$dLGG
=066  \\$c(3$c(4
=035  \\$a(OCoLC)36639759
=050  14$aBP194$b.A25x 1970
=049  \\$aZYUU
=100  1\$aĀbī, Ṣāʻid ibn Muḥammad.
=245  13$6880-01$aal-Ḥudūd wa-al-ḥaqāʼiq fī sharḥ al-alfāẓ al-muṣṭalaḥah bayna al-mutakallimīn min al-Imāmīyah /$ctaʼlīf Ashraf al-Dīn Ṣāʻid al-Barīdī al-Ābī ; taḥqīq Ḥusayn ʻAlī Maḥfūẓ.
=246  15$aHudud wal - haqa'iq fi sharh al-alfaz al-mustalaha bainal mutakallimin minal - Imamiyya
=260  \\$6880-02$aBaghdād :$bMaṭbaʻat al-Maʻārif,$c1970.
=300  \\$a30 pages ;$c24 cm.
=336  \\$atext$btxt$2rdacontent
=337  \\$aunmediated$bn$2rdamedia
=338  \\$avolume$bnc$2rdacarrier
=490  1\$6880-03$aMaṭbūʻāt Maktabat Dīwān Āl al-Khāliṣī al-ʻĀmmah fī al-Kāẓimīyah ;$v2
=504  \\$aIncludes bibliographical references (page 6) and index.
=650  \0$aShīʻah$xDoctrines$xTerminology$vEarly works to 1800.
=650  \0$aArabic language$vTerms and phrases$vEarly works to 1800.
=650  \7$aArabic language.$2fast$0(OCoLC)fst00812287
=655  \7$aEarly works.$2fast$0(OCoLC)fst01411636
=655  \7$aTerms and phrases.$2fast$0(OCoLC)fst01423862
=700  1\$6880-04$aMaḥfūẓ, Ḥusayn ʻAlī.
=830  \0$6880-05$aMaṭbūʻāt Maktabat Dīwān Āl al-Khāliṣī al-ʻĀmmah fī al-Kāẓimīyah ;$v2.
=880  1\$6100-00/(3/r$aآبي، أشرف الدين صاعد البريدي.
=880  12$6245-01/(3/r$aالحدود والحقائق في شرح الألفاظ المصطلحة بين المتکلمين من الأئمة /$cتأليف أشرف الدين صاعد البريدي الآبي ؛ تحقيق حسين علي محفوظ.
=880  \\$6260-02/(3/r$aبغداد :$bمطبعة المعارف،$c١٩٧٠.
=880  1\$6490-03/(3/r$aمطبوعات مکتبة ديوان آل الخالصي العامة في الکاظمية ؛$v٢
=880  1\$6700-04/(3/r$aمحفوظ، حسين علي.
=880  \0$6830-05/(3/r$aمطبوعات مکتبة ديوان آل الخالصي العامة في الکاظمية ؛ ;$v٢.

