=LDR  01022cam a2200265Ma 4500
=001  ocm26629623
=003  OCoLC
=005  20141009203135.3
=008  890313s1984\\\\ir\\\\\\\b\\\\000\0\ara\d
=040  \\$aPUL$beng$cPUL$dOCLCQ$dOCLCO$dOCLCF$dOCLCQ$dOCLCO
=035  \\$a(OCoLC)26629623
=043  \\$aa-iq---
=049  \\$aZYUU
=100  1\$aIṣṭihbānātī, Muḥammad Ḥasan.
=245  10$aNūr al-ʻayn fī al-mashy ilá ziyārat qabr al-Ḥusayn, ʻalayhi al-salām /$ctaʼlīf Muḥammad Ḥasan al-Iṣṭihbānātī.
=250  \\$aal-Ṭabʻah 1.
=260  \\$aṬihrān :$bMaktabat al-Ṣadūq,$c1405 [1984 or 1985]
=300  \\$a352 pages ;$c25 cm
=336  \\$atext$btxt$2rdacontent
=337  \\$aunmediated$bn$2rdamedia
=338  \\$avolume$bnc$2rdacarrier
=504  \\$aIncludes bibliographical references.
=650  \0$aMuslim pilgrims and pilgrimages$zIraq$zKarbalāʼ.
=650  \7$aMuslim pilgrims and pilgrimages.$2fast$0(OCoLC)fst01030970
=651  \7$aIraq$zKarbalāʼ$2fast$0(OCoLC)fst01232324

