=LDR  01266cam a2200289Ki 4500
=001  ocm42893200
=003  OCoLC
=005  20141207161920.3
=008  991129s1878\\\\ua\\\\\\\\\\\\000\0\ara\d
=040  \\$aPUL$beng$cPUL$dOCLCQ$dOCLCG$dOCLCA$dOCLCQ
=066  \\$c(3
=035  \\$a(OCoLC)42893200
=050  \4$aDS448.S25$bA23
=049  \\$aZYUU
=100  1\$6880-01$aṢaffūrī, ʻAbd al-Raḥmān ibn ʻAbd al-Salām,$d-1489.
=245  10$6880-02$aNuzhat al-majālis wa-muntakhab al-nafāʼis.
=260  \\$a[Cairo],$c[1296 [1878]]
=300  \\$a2 volumes ;$c24 cm
=336  \\$atext$btxt$2rdacontent
=337  \\$aunmediated$bn$2rdamedia
=338  \\$avolume$bnc$2rdacarrier
=546  \\$aIn Arabic.
=776  08$iOnline version:$aṢaffūrī, ʻAbd al-Raḥmān ibn ʻAbd al-Salām, -1489.$tNuzhat al-majālis wa-muntakhab al-nafāʼis.$d[Cairo, 1296 [1878]]$w(OCoLC)657009128
=880  1\$6100-01/(3/r$aصفوري، عبد الرحمن بن عبد السلام.
=880  10$6245-02/(3/r$aنزهة المجالس ومنتخب النفائس /$cاعبد الرحمن الصفوري الشافعي.
=880  \\$6250-00/(3/r$aطبعة جديدة مضبوطة.
=880  \\$6260-00/(3/r$a[القاهرة] :$bمكتبة العلم والإيمان،$c١٩٩٢.

