=LDR  00689cam a2200205K  4500
=001  ocm43538184
=003  OCoLC
=005  20141211195029.7
=008  000229s196u\\\\ir\\\\\\\\\\\\000\0\ara\d
=040  \\$aPUL$beng$cPUL$dOCLCQ$dOCLCG$dOCLCA$dOCLCQ
=035  \\$a(OCoLC)43538184
=049  \\$aZYUU
=100  1\$aQummī, ʻAbbās ibn Muḥammad Riḍā,$d-1941.
=245  10$aMafātīḥ al-jinān al-muʻarrab.$bTaʻrīb Muḥammad Riḍā al-Nūrī al-Najafī.
=260  \\$aTehran,$bal-Maṭbaʻah al-Islāmīyah$c[196-]
=300  \\$a12, 611, 4 pages$c22 cm
=336  \\$atext$btxt$2rdacontent
=337  \\$aunmediated$bn$2rdamedia
=338  \\$avolume$bnc$2rdacarrier
=546  \\$aIn Arabic.

