=LDR  01226cam a2200337Ma 4500
=001  ocm79716598
=003  OCoLC
=005  20171017132458.7
=008  860818m19239999ua\\\\\\\\\\\\000\1\ara\d
=040  \\$aPUL$beng$cPUL$dOCLCG$dOCLCQ$dOCLCF$dOCLCO$dOCLCQ$dOCL$dOCLCQ$dOCLCA
=035  \\$a(OCoLC)79716598
=041  1\$aara$hfre
=043  \\$ae-fr---
=049  \\$aZYUU
=100  1\$aHugo, Victor,$d1802-1885.
=240  10$aMisérables.$lArabic
=245  13$aal-Buʼasāʼ /$cli-Fīktūr Hūjū ; taʻrīb Muḥammad Ḥāfiẓ Ibrāhīm.
=250  \\$aal-Ṭabʻah 2.
=260  \\$aMiṣr :$bYuṭlabu min Maktabat al-Hilāl,$c1923-
=300  \\$avolumes ;$c20 cm
=336  \\$atext$btxt$2rdacontent
=337  \\$aunmediated$bn$2rdamedia
=338  \\$avolume$bnc$2rdacarrier
=500  \\$aTranslation of: Les misérables.
=651  \0$aParis (France)$xSocial life and customs$y19th century$vFiction.
=651  \0$aFrance$xSocial life and customs$y19th century$vFiction.
=650  \7$aManners and customs.$2fast$0(OCoLC)fst01007815
=651  \7$aFrance.$2fast$0(OCoLC)fst01204289
=651  \7$aFrance$zParis.$2fast$0(OCoLC)fst01205283
=648  \7$a1800-1899$2fast
=655  \7$aFiction.$2fast$0(OCoLC)fst01423787

