=LDR  01061cam a2200289Ma 4500
=001  ocm54291970
=003  OCoLC
=005  20190203100508.8
=008  961119s1954\\\\sy\\\\\\\\\\\\000\0\ara\d
=040  \\$aYUS$beng$cYUS$dOCLCQ$dOCLCF$dOCLCQ$dOCLCO$dOCL
=066  \\$c(3
=035  \\$a(OCoLC)54291970
=050  14$aPJ6095$b.N34 1954
=049  \\$aZYUU
=100  1\$6880-01$aNakhlah, Rufāʼīl.
=245  10$6880-02$aGharāʼib al-lughah al-ʻArabīyah /$cbi-qalam Rufāʼīl Nakhlah.
=260  \\$6880-03$a[Aleppo?] :$bR. Nakhlah,$c1954.
=300  \\$a136 pages ;$c22 cm
=336  \\$atext$btxt$2rdacontent
=337  \\$aunmediated$bn$2rdamedia
=338  \\$avolume$bnc$2rdacarrier
=650  \0$aArabic language$vMiscellanea.
=650  \7$aArabic language.$2fast$0(OCoLC)fst00812287
=655  \7$aTrivia and miscellanea.$2fast$0(OCoLC)fst01921748
=880  1\$6100-01/(3/r$aنخلة، رفائيل.
=880  10$6245-02/(3/r$aغرائب اللغة العربية /$cبقلم رفائيل نخله.
=880  \\$6260-03/(3/r$a[حلب؟] :$bر. نخله،$c1954.

