=LDR  01406cam a2200325Ma 4500
=001  ocm25296612
=003  OCoLC
=005  20141003051831.4
=008  880502s1984\\\\ir\\\\\\\b\\\\000\0\ara\d
=040  \\$aPUL$beng$cPUL$dOCLCG$dHVL$dOCLCQ$dOCLCA$dOCLCF$dOCLCO$dOCLCQ
=035  \\$a(OCoLC)25296612
=043  \\$af------$aa------
=050  \4$aKBP634.4$b.S53x 1984
=049  \\$aZYUU
=100  0\$aShaykh al-Sharīʻah al-Aṣfahānī,$d1850-1920 or 1921.
=245  10$aIbānat al-mukhtār fī irth al-zawjah /$cli-shaykh al-fuqahāʼ Shaykh al-Sharīʻah al-Iṣfahānī. wa-Talīhi rasāʼil thalāth ; [taḥqīq Muḥammad al-Fāḍil al-Qāʼīnī].
=246  3\$aṢiyānat al-ibānah
=260  \\$aQum :$bDār al-Qurʼān al-karīm,$c1405 [1984 or 1985]
=300  \\$a4, 204 pages ;$c24 cm
=336  \\$atext$btxt$2rdacontent
=337  \\$aunmediated$bn$2rdamedia
=338  \\$avolume$bnc$2rdacarrier
=500  \\$aTitle from cover: Ṣiyānat al-ibānah.
=504  \\$aIncludes bibliographical references.
=650  \0$aWidow's allowance$zIslamic countries.
=650  \0$aInheritance and succession (Islamic law)
=650  \7$aInheritance and succession (Islamic law)$2fast$0(OCoLC)fst00973401
=650  \7$aWidow's allowance.$2fast$0(OCoLC)fst01174931
=651  \7$aIslamic countries.$2fast$0(OCoLC)fst01244130
=700  1\$aQāʼīnī al-Najafī, Muḥammad Fāḍil.

