=LDR  00977cam a2200277K  4500
=001  ocm15597763
=003  OCoLC
=005  20200911190919.2
=008  870427s1929\\\\ua\\\\\\\b\\\\000\0\arard
=040  \\$aWAU$beng$cWAU$dOCL$dOCLCG$dCUY$dOCLCQ$dOCLCA$dOCLCF$dOCLCQ$dOCLCO$dPAU$dEQO$dOCL
=066  \\$c(3
=035  \\$a(OCoLC)15597763
=050  \4$aPJ7503.A12$bI3 1929
=050  \4$aZ7052$b.I2 1930
=049  \\$aZYUU
=100  1\$aIbn al-Nadīm, Muḥammad ibn Isḥāq,$dactive 987.
=245  13$6880-01$aal-Fihrist li-Ibn al-Nadīm.
=260  \\$aCairo,$bal-Maktabah al-Tijārīyah al-Kubrá,$c1348 [1929 or 30]
=300  \\$a528, 8 pages
=336  \\$atext$btxt$2rdacontent
=337  \\$aunmediated$bn$2rdamedia
=338  \\$avolume$bnc$2rdacarrier
=650  \0$aArabic literature$vBibliography.
=650  \7$aArabic literature.$2fast$0(OCoLC)fst00812478
=655  \7$aBibliographies.$2fast$0(OCoLC)fst01919895
=880  13$6245-01/(3/r$aالفةرسة لابن النديم.

