=LDR  00856cam a2200229K  4500
=001  ocm42939342
=003  OCoLC
=005  20141208073559.1
=008  991206s1953\\\\le\\\\\\\\\\\\000\0\ara\d
=040  \\$aPUL$beng$cPUL$dOCLCG$dOCLCF$dOCLCO$dOCLCQ
=035  \\$a(OCoLC)42939342
=049  \\$aZYUU
=100  1\$aSibāʻī, Muṣṭafá,$d1915-1964.
=245  10$aLimādhā akhfaqat al-Jāmiʻah al-ʻArabīyah? wa-kayfa taṣbaḥu adāh nāfiʻah lil-ʻArab?$bNaṣṣ al-kalimah allatī alqāhā ... fī iḥtifāl al-Hayʼah al-Waṭanīyah fī Lubnān ...
=260  \\$a[Beirut]$c1953.
=300  \\$a16 pages$c17 cm
=336  \\$atext$btxt$2rdacontent
=337  \\$aunmediated$bn$2rdamedia
=338  \\$avolume$bnc$2rdacarrier
=546  \\$aIn Arabic.
=610  20$aLeague of Arab States.
=610  27$aLeague of Arab States.$2fast$0(OCoLC)fst00540088

