=LDR  01417cam a2200265Ma 4500
=001  ocm29784508
=003  OCoLC
=005  20140608002656.2
=008  940201s1908\\\\ua\\\\\\\\\\\\000\0\ara\d
=040  \\$aPUL$beng$cPUL$dOCLCQ$dOCLCO$dOCLCF
=035  \\$a(OCoLC)29784508
=049  \\$aZYUU
=100  1\$aRaww⁻as, Muḥammad Mahd⁻i ⁻ibn ʻAl⁻i,$d1805 or 1806-1870 or 1871.
=240  10$aFadhlakat al-ḥaq⁻iqah f⁻i aḥk⁻am al-ṭar⁻iqah
=245  10$aKit⁻ab fadhlakat al-ḥaq⁻iqah f⁻i aḥk⁻am al-ṭar⁻iqah /$cli-sayyidin⁻a al-Quṭub al-ghawth Bah⁻aʼ al-D⁻in Muḥammad Mahd⁻i ⁻Al Khiz⁻am al-Ṣayy⁻ad⁻i al-Rif⁻aʻi al-Ḥusaynī al-Husn⁻i al-mushtahar bi-al-Raww⁻as.
=246  3\$aFadhlakat al-ḥaqīqah fī aḥkām al-ṭarīqah
=250  \\$aAl-Ṭabʻah 1.
=260  \\$aMiṣr :$bMaṭbaʻat ʻAl⁻i Sukkar,$c1326 [1908]
=300  \\$a53 pages ;$c24 cm
=336  \\$atext$btxt$2rdacontent
=337  \\$aunmediated$bn$2rdamedia
=338  \\$avolume$bnc$2rdacarrier
=650  \0$aIslamic law.
=650  \7$aIslamic law.$2fast$0(OCoLC)fst00979949
=776  08$iOnline version:$aRaww⁻as, Muḥammad Mahd⁻i ⁻ibn ʻAl⁻i, 1805 or 6-1870 or 71.$sFadhlakat al-ḥaq⁻iqah f⁻i aḥk⁻am al-ṭar⁻iqah.$tKit⁻ab fadhlakat al-ḥaq⁻iqah f⁻i aḥk⁻am al-ṭar⁻iqah.$bAl-Ṭabʻah 1.$dMiṣr : Maṭbaʻat ʻAl⁻i Sukkar, 1326 [1908]$w(OCoLC)656805905

