=LDR  02148cam a2200433Ii 4500
=001  ocm08962151
=003  OCoLC
=005  20200508075855.5
=008  821116s1966\\\\iq\\\\\\\b\\\f000\0\ara\c
=010  \\$ane 67001994 
=040  \\$aPrinceton Univ. Libr.$beng$cWAU$dWAU$dOCLCQ$dWAU$dHIN$dCUT$dOCLCF$dOCLCO$dOCLCQ$dOCL
=066  \\$c(3
=019  \\$a123270492$a213921745$a1033928687$a1048993724$a1153195725
=035  \\$a(OCoLC)8962151$z(OCoLC)123270492$z(OCoLC)213921745$z(OCoLC)1033928687$z(OCoLC)1048993724$z(OCoLC)1153195725
=043  \\$aar-----
=050  \4$aDS247.A13$bT33 1966
=049  \\$aZYUU
=100  1\$6880-01$aTikrītī, Salīm Ṭāhā.
=245  13$6880-02$aAl-Ṣirāʻ ʻalā al-Khalīj al-ʻArabī /$ctaʼlīf Salīm Ṭāhā al-Takrītī.
=260  \\$6880-03$aBaghdād :$bWizārat al-Thaqāfah wa-al-Irshād,$c1966.
=300  \\$a146 pages ;$c21 cm.
=336  \\$atext$btxt$2rdacontent
=337  \\$aunmediated$bn$2rdamedia
=338  \\$avolume$bnc$2rdacarrier
=490  1\$6880-04$aSilsilah al-siyāsīyah ;$v12
=500  \\$a"Mulḥaq ittifāqāt wa-muʻāhadāt al-Khalīj al-ʻArabī": pages 109-143.
=504  \\$aIncludes bibliographical references (pages 144-146).
=530  \\$aAlso issued online.
=651  \0$aPersian Gulf States$xHistory.
=651  \7$aMiddle East$zPersian Gulf States.$2fast$0(OCoLC)fst01244350
=655  \7$aHistory.$2fast$0(OCoLC)fst01411628
=776  08$iOnline version:$aTikrītī, Salīm Ṭāhā.$tṢirāʻ ʻalā al-Khalīj al-ʻArabī.$dBaghdād, Wizārat al-Thaqāfah wa-al-Irshād, 1966$w(OCoLC)555468268
=830  \0$6880-05$aSilsilah al-siyāsīyah ;$v12.
=880  1\$6100-01/(3/r$aتكريتي، سليم طه.
=880  12$6245-02/(3/r$aالصراع على الخليج العربي /$cتاليف سليم طه التكريتي.
=880  \\$6260-03/(3/r$aبغداد :$bوزارة الثقافة والارشاد،$c١٩٦٦.
=880  1\$6490-00/(3/r$aسلسلة السياسية ؛$v١٢
=880  1\$6490-04/(3/r$aسلسلة السياسية ؛$v١٢
=880  \0$6830-05/(3/r$aسلسلة السياسية ؛ ;$v١٢.

