=LDR  01285cam a2200301Ma 4500
=001  ocm28930987
=003  OCoLC
=005  20140409181646.4
=008  930922s1988\\\\ir\\\\\\\\\\\\000\0\ara\d
=040  \\$aPUL$beng$cPUL$dOCL$dOCLCG$dHVL$dOCLCQ$dOCLCO$dOCLCA$dOCLCQ$dOCLCF
=035  \\$a(OCoLC)28930987
=050  \4$aKBP874$b.K84x 1988
=049  \\$aZYUU
=100  1\$aKūhʹkamarī, Muḥammad al-Ḥujjah,$d1892 or 1893-1952 or 1953.
=240  10$aBayʻ
=245  10$aKitāb al-bayʻ :$btaqrīr baḥth Āyat Allāh al-ʻUẓmá al-Sayyid Muḥammad al-Ḥujjah al-Kūhʹkamarī. Maʻa taʻlīqāt hāmmah wa-Risālat ḥujjīyat al-shuhrah /$cAbī Ṭālib al-Tajlīl al-Tabrīzī.
=246  3\$aBayʻ
=246  3\$aRisālat ḥujjīyat al-shuhrah
=250  \\$aal-Ṭabʻah 2.
=260  \\$aQum :$bMuʼassasat al-Nashr al-Islāmī al-tābiʻah li-Jamāʻat al-Mudarrisīn,$c1409 [1988 or 1989]
=300  \\$a472 pages ;$c25 cm
=336  \\$atext$btxt$2rdacontent
=337  \\$aunmediated$bn$2rdamedia
=338  \\$avolume$bnc$2rdacarrier
=500  \\$a"478."
=650  \0$aCommercial law (Islamic law)
=650  \7$aCommercial law (Islamic law)$2fast$0(OCoLC)fst00869534
=700  12$aTabrīzī, Abū Ṭālib Tajlīl.$tRisālat ḥujjīyat al-shuhrah.

