=LDR  01414cam a2200313Ma 4500
=001  ocm29685385
=003  OCoLC
=005  20141022144400.6
=008  940104s1916\\\\ir\\\\\\\\\\\\000\0\ara\d
=040  \\$aPUL$beng$cPUL$dOCLCQ$dOCLCF$dOCLCO$dOCLCQ
=066  \\$c(3
=035  \\$a(OCoLC)29685385
=049  \\$aZYUU
=100  1\$6880-01$aKirmānī, Zayn al-ʻĀbidīn Khān.
=240  10$6880-02$aĪḍāḥ ishtibāh
=245  10$6880-03$aRasāʼil mubārakah īḍāḥ ishtibāh /$cZayn al-ʻĀbidīn Khān Kirmānī.
=246  3\$aĪḍāḥ ishtibāh
=260  \\$aTabrīz :$b[publisher not identified],$c1335 [1916 or 1917]
=300  \\$a132 pages ;$c23 cm
=336  \\$atext$btxt$2rdacontent
=337  \\$aunmediated$bn$2rdamedia
=338  \\$avolume$bnc$2rdacarrier
=650  \0$aShīʻah$xDoctrines.
=650  \7$aShīʻah$xDoctrines.$2fast$0(OCoLC)fst01117948
=776  08$iOnline version:$aKirmānī, Zayn al-ʻĀbidīn Khān.$sĪḍāḥ ishtibāh.$tRasāʼil mubārakah īḍāḥ ishtibāh.$dTabrīz : [s.n.], 1335 [1916 or 1917]$w(OCoLC)780181918
=880  1\$6100-01/(3/r$a‏كرمانى، زين العابدين خان.
=880  10$6240-02/(3/r$a‏ايضاح اشتباه
=880  10$6245-03/(3/r$a‏رسائل مباركه ايضاح اشتباه /‏$c‏زين العابدين خان كرمانى.
=880  0\$6740-00/(3/r$a‏ايضاح اشتباه.

