=LDR  01402cam a2200313Ma 4500
=001  ocm22320423
=003  OCoLC
=005  20181102172104.0
=008  870924s1985\\\\ir\\\\\\\b\\\\001\0\ara\d
=040  \\$aPUL$beng$cPUL$dOCLCG$dLGG$dOCLCQ$dOCLCO$dOCLCF$dOCLCA
=029  1\$aAU@$b000023408244
=035  \\$a(OCoLC)22320423
=050  \4$aBP193.1A3$bA25 1986
=049  \\$aZYUU
=100  1\$aAbū Nuʻaym al-Iṣbahānī, Aḥmad ibn ʻAbd Allāh,$d948-1038.
=245  13$aal-Nūr al-mushtaʻil min kitāb Mā nazala min al-Qurʼān fī ʻAlī ʻalayhi al-salām /$ctaʼlīf Aḥmad ibn ʻAbd Allāh ibn Aḥmad ibn Isḥāq al-maʻrūf bi-Abī Nuʻaym al-Iṣbahānī ; jamaʻahu wa-rattabahu wa-qaddama la-hu wa-ʻallaqa ʻalayhi Muḥammad Bāqir al-Maḥmūdī.
=246  3\$aMā nazala min al-Qurʼān fī ʻAlī ʻalayhi al-salām
=250  \\$aal-Ṭabʻah 1.
=260  \\$a[Tehran] :$bWizārat al-Irshād al-Islāmī,$c1406 [1985 or 1986]
=300  \\$a306 pages ;$c25 cm
=336  \\$atext$btxt$2rdacontent
=337  \\$aunmediated$bn$2rdamedia
=338  \\$avolume$bnc$2rdacarrier
=500  \\$aTitle page vocalized.
=504  \\$aIncludes bibliographical references and index.
=600  00$aʻAlī ibn Abī Ṭālib,$cCaliph,$d660 (ca.)-681.
=630  00$aQurʼan.
=630  07$aQurʼan.$2fast$0(OCoLC)fst01842877
=700  1\$aMaḥmūdī, Muḥammad Bāqir.

