=LDR  01493cam a2200337Ia 4500
=001  ocm47925466
=003  OCoLC
=005  20190604024707.0
=008  010907s1958\\\\ua\\\\\\\b\\\\000\0\arard
=040  \\$aMNU$beng$cMNU$dOCLCQ$dOCLCF$dOCLCO$dOCLCQ$dOCLCA
=035  \\$a(OCoLC)47925466
=043  \\$aa-sy---$aa-le---
=050  \4$aHG3258$b.M87 1958
=049  \\$aZYUU
=100  1\$aMursī, Fuʻād.
=245  10$aMuḥāḍarāt ʻan al-nuqūd wa-al-bunūk fī al-bilʻad al-ʻArabīyah, Sūrīyah wa-Lubān /$calqāhā Fuʻād Mursī.
=260  \\$a[Cairo] :$bJāmiʻat al-Duwal al-ʻArabīyah, Maʻhad al-Dirāsāt al-ʻArabīyah al-ʻĀliyah,$c1958.
=300  \\$a88 pages ;$c24 cm
=336  \\$atext$btxt$2rdacontent
=337  \\$aunmediated$bn$2rdamedia
=338  \\$avolume$bnc$2rdacarrier
=504  \\$aIncludes bibliographical references.
=650  \0$aBanks and banking$zSyria.
=650  \0$aBanks and banking$zLebanon.
=650  \0$aMoney$zSyria.
=650  \0$aMoney$zLebanon.
=650  \7$aBanks and banking.$2fast$0(OCoLC)fst00826867
=650  \7$aMoney.$2fast$0(OCoLC)fst01025265
=651  \7$aLebanon.$2fast$0(OCoLC)fst01206063
=651  \7$aSyria.$2fast$0(OCoLC)fst01208757
=776  08$iOnline version:$aMursī, Fuʻād.$tMuḥāḍarāt ʻan al-nuqūd wa-al-bunūk fī al-bilʻad al-ʻArabīyah, Sūrīyah wa-Lubān.$d[Cairo] : Jāmiʻat al-Duwal al-ʻArabīyah, Maʻhad al-Dirāsāt al-ʻArabīyah al-ʻĀliyah, 1958$w(OCoLC)1103329802

