=LDR  01339cam a2200265M  4500
=001  ocn175310480
=003  OCoLC
=005  20180524111336.2
=008  890511m19091910mr\\\\\\\\\\\\000\0\ara\d
=040  \\$aPUL$beng$cPUL$dOCLCG$dOCLCA$dOCLCQ$dOCLCO$dOCLCF$dOCLCQ$dOCLCA
=035  \\$a(OCoLC)175310480
=049  \\$aZYUU
=100  1\$aʻUlaymī, Yāsīn ibn Zayn al-Dīn,$d-1650 or 1651.
=245  10$aḤawāshī al-Shaykh al-Imām khātimat al-muḥaqqiqīn ...
=246  3\$aḤawāshin ... ʻalá Khulāṣat ... Ibn Mālik ...
=260  \\$aFās,$bal-Maṭbaʻah al-Mawlawīyah,$c1327-1328 [1909-1910]
=300  \\$a2 volumes$c27 cm
=336  \\$atext$btxt$2rdacontent
=337  \\$aunmediated$bn$2rdamedia
=338  \\$avolume$bnc$2rdacarrier
=500  \\$aOn the margins: Sharḥ al-Kāfiyah al-shāfiyah, by Ibn Mālik.
=600  10$aIbn Mālik, Muḥammad ibn ʻAbd Allāh,$d-1274.$tAlfīyah.
=630  07$aAlfīyah (Ibn Mālik, Muḥammad ibn ʻAbd Allāh)$2fast$0(OCoLC)fst01360506
=700  12$aIbn Mālik, Muḥammad ibn ʻAbd Allāh,$d-1274.$tSharḥ al-Kāfiyah al-shāfiyah.
=776  08$iOnline version:$aʻUlaymī, Yāsīn ibn Zayn al-Dīn, -1650 or 51.$tḤawāshī al-Shaykh al-Imām khātimat al-muḥaqqiqīn .$dFās, al-Maṭbaʻah al-Mawlawīyah, 1327-1328 [1909-1910]$w(OCoLC)656885705

