=LDR  01333cam a2200337Ma 4500
=001  ocm34031432
=003  OCoLC
=005  20180828094718.4
=008  951220s1988\\\\ir\a\\\\\b\\\\000\0\ara\d
=040  \\$aPUL$beng$cPUL$dOCLCQ$dOCLCF$dOCLCO$dOCLCQ$dOCL
=035  \\$a(OCoLC)34031432
=041  0\$aara$aper
=043  \\$azmo----
=049  \\$aZYUU
=100  1\$aKhomeini, Ruhollah.
=245  10$aRisālah fī taʻyīn al-fajr fī al-layālī al-muqmirah /$cmin taṣnīfāt al-Imām al-Khumaynī ; maʻa taʻlīqāt muntakhabah min taqrīrāt durūs Aḥmadī Faqīh Yazdī.
=250  \\$aChāp-i 1.
=260  \\$aTihrān :$bMarkaz-i Nashr-i Mudarris,$c[13]67 [1988]
=300  \\$a32 pages :$billustrations ;$c22 cm
=336  \\$atext$btxt$2rdacontent
=337  \\$aunmediated$bn$2rdamedia
=338  \\$avolume$bnc$2rdacarrier
=504  \\$aIncludes bibliographical references.
=546  \\$aIn Arabic; introduction and conclusion also in Persian.
=650  \0$aTime (Islamic law)
=650  \0$aTime$xReligious aspects$xIslam.
=651  \0$aMoon$xReligious aspects$xIslam.
=650  \7$aTime (Islamic law)$2fast$0(OCoLC)fst01151083
=650  \7$aTime$xReligious aspects$xIslam.$2fast$0(OCoLC)fst01151064
=651  \7$aMoon.$2fast$0(OCoLC)fst01240375
=700  1\$aAḥmadī Faqīh Yazdī, Muḥammad Ḥasan.

