=LDR  00584cam a2200205K  4500
=001  ocm43244135
=003  OCoLC
=005  20141208232315.4
=008  000110s1955\\\\sy\c\\\\\\\\\\000\0\ara\d
=040  \\$aPUL$beng$cPUL$dOCLCQ
=035  \\$a(OCoLC)43244135
=049  \\$aZYUU
=100  1\$aQiyāsah, ʻĀrif,$d1919-
=245  13$aal-Burʻum al-ashqar, shiʻr.
=260  \\$a[Damascus?]$bDār al-Rāʼid al-ʻArabī,$c1955.
=300  \\$a99 pages$bportrait$c17 cm
=336  \\$atext$btxt$2rdacontent
=337  \\$aunmediated$bn$2rdamedia
=338  \\$avolume$bnc$2rdacarrier
=546  \\$aIn Arabic.

