=LDR  00822cam a2200229Ma 4500
=001  ocm81181360
=003  OCoLC
=005  20170329022939.0
=008  840831s1981\\\\ir\\\\\\\\\\\\000\0\ara\d
=040  \\$aPUL$beng$cPUL$dOCLCQ$dOCLCO$dOCLCF$dOCLCQ
=035  \\$a(OCoLC)81181360
=049  \\$aZYUU
=100  1\$aMalakī, Muḥammad Bāqir.
=245  10$aBadāʼiʻ al-kalām fī tafsīr āyāt al-aḥkām /$ctaʼlīf Muḥammad Bāqir al-Malakī.
=260  \\$aQum :$bal-Maṭbaʻah al ʻIlmīyah,$c1981.
=300  \\$a367 pages ;$c23 cm
=336  \\$atext$btxt$2rdacontent
=337  \\$aunmediated$bn$2rdamedia
=338  \\$avolume$bnc$2rdacarrier
=630  00$aQurʼan$xCriticism, interpretation, etc.
=630  07$aQurʼan.$2fast$0(OCoLC)fst01842877
=655  \7$aCriticism, interpretation, etc.$2fast$0(OCoLC)fst01411635

