=LDR  01057cam a2200277Ma 4500
=001  ocm35185644
=003  OCoLC
=005  20141112100825.5
=008  960724s1981\\\\ir\\\\\\\b\\\\000\0\ara\d
=040  \\$aPUL$beng$cPUL$dOCLCQ$dOCLCF$dOCLCO$dOCLCQ
=035  \\$a(OCoLC)35185644
=050  14$aBP42$b.L346 1981
=049  \\$aZYUU
=110  2\$aLajnat al-Taḥrīr Fī Ṭarīq al-Ḥaqq.
=245  10$aDurūs fī uṣūl al-dīn /$ctaʼlīf Lajnat al-Taḥrīr ; tarjamat Muḥammad ʻAlī al-Taskhīrī.
=260  \\$aQum :$bMuʼassasat Fī Ṭarīq al-Ḥaqq,$c1402 [1981 or 1982]
=300  \\$a359 pages ;$c22 cm
=336  \\$atext$btxt$2rdacontent
=337  \\$aunmediated$bn$2rdamedia
=338  \\$avolume$bnc$2rdacarrier
=500  \\$aPreface dated: 1402 H.
=504  \\$aIncludes bibliographical references.
=650  \0$aIslam$xStudy and teaching.
=650  \0$aIslam$xDoctrines$xStudy and teaching.
=650  \7$aIslam$xDoctrines$xStudy and teaching.$2fast$0(OCoLC)fst00979790
=650  \7$aIslam$xStudy and teaching.$2fast$0(OCoLC)fst00979852

