=LDR  01335cam a2200301Ma 4500
=001  ocm27325776
=003  OCoLC
=005  20180329115230.7
=008  930114s1886\\\\ua\\\\\\\\\\\\000\0\ara\d
=040  \\$aPUL$beng$cPUL$dOCLCQ$dOCLCO$dOCLCQ$dOCLCF
=066  \\$c(3
=035  \\$a(OCoLC)27325776
=049  \\$aZYUU
=100  1\$6880-01$aKuraydī, Ibrāhīm Adʹham ibn Muḥammad.
=245  10$6880-02$aSharḥ al-Ilhāmī min al-Fayḍ al-Ilhāmī /$clil-ʻālim Ibrāhīm Adʹham ibn Muḥammad al-Kuraydī.
=250  \\$6880-03$aal-Ṭabʻah 1.
=260  \\$6880-04$aBūlāq, Miṣr :$bal-Maṭbaʻah al-Kubrá al-Amīrīyah,$c1304 [1886 or 1887]
=300  \\$a32 pages ;$c21 cm
=336  \\$atext$btxt$2rdacontent
=337  \\$aunmediated$bn$2rdamedia
=338  \\$avolume$bnc$2rdacarrier
=600  10$aḤarbī, ʻAlī.$tIlhāmī
=650  \0$aSufism.
=650  \7$aSufism.$2fast$0(OCoLC)fst01137257
=880  0\$6100-01/(3/r$aابراهيم ادهم ابن محمد الكريدي.
=880  10$6245-02/(3/r$aشرح الالهامي من الفيض الالهامي /$cللعالم ابراهيم ادهم ابن محمد الكريدي.
=880  \\$6250-03/(3/r$aالطبعة ١.
=880  \\$6260-04/(3/r$aبولاق، مصر :$bالمطبعة الكبرى الاميرية،$c١٣٠٤ [١٨٨٦ او ١٨٨٧]

