=LDR  00783cam a2200229Ma 4500
=001  ocm42036097
=003  OCoLC
=005  20141211191822.7
=008  990727s1941\\\\le\\\\\\\\\\\\000\0\ara\d
=040  \\$aPUL$beng$cPUL$dOCLCG$dOCLCQ$dOCLCA$dOCLCQ
=035  \\$a(OCoLC)42036097
=049  \\$aZYUU
=100  0\$aJarīr ibn ʻAṭīyah,$d-728?
=245  10$aMadḥ wa-ghazal wa-rithāʼ /$cJarīr ; dars wa-muntakhabāt bi-qalam Fuʼād Afrām al-Bustānī.
=260  \\$aBayrūt :$bal-Maṭbaʻah al-Kāthūlīkīyah,$c1941.
=300  \\$a14, 47 pages ;$c20 cm.
=336  \\$atext$btxt$2rdacontent
=337  \\$aunmediated$bn$2rdamedia
=338  \\$avolume$bnc$2rdacarrier
=490  1\$aal-Rawāʼiʻ ;$v39
=700  1\$aBustānī, Fuʼād Afrām.
=830  \0$aRawāʼiʻ ;$v39.

