=LDR  00854cam a2200241Mi 4500
=001  ocm33857395
=003  OCoLC
=005  20191113163126.5
=008  910129m18669999ua\\\\\\\\\\\\000\0\ara\d
=040  \\$aHLS$beng$cHLS$dOCLCQ$dOCLCO$dOCLCF$dOCLCA
=035  \\$a(OCoLC)33857395
=049  \\$aZYUU
=130  0\$aʻAntar.
=245  10$aSīrah.
=260  \\$a[Cairo] :$b[publisher not identified],$c1283 [1866]-
=300  \\$avolumes
=336  \\$atext$btxt$2rdacontent
=337  \\$aunmediated$bn$2rdamedia
=338  \\$avolume$bnc$2rdacarrier
=600  00$aʻAntarah ibn Shaddād,$dactive 6th century$vLegends.
=600  07$aʻAntarah ibn Shaddād,$dactive 6th century.$2fast$0(OCoLC)fst01804832
=655  \7$aLegends.$2fast$0(OCoLC)fst01423803
=776  08$iOnline version:$aʻAntar.$tSīrah.$d[Cairo] : [publisher not identified], 1283 [1866]-$w(OCoLC)1127395008

