=LDR  00689cam a2200205K  4500
=001  ocm42911012
=003  OCoLC
=005  20141208043913.0
=008  991201s1957\\\\sy\a\\\\\\\\\\000\0\ara\d
=040  \\$aPUL$beng$cPUL$dOCLCQ
=035  \\$a(OCoLC)42911012
=049  \\$aZYUU
=100  1\$aal-Quwwatlī, Shukrī$c(Pres. Syria : 1891- )
=245  10$aMajmūʻat khuṭab al-raʼīs Shukrī al-Quwwatlī,$braʼīs al-Jumhūrīyah al-Sūrīyah khilal ... Aylūl 1955 ilā Aylūl 1957.
=260  \\$aDamascus,$c1957.
=300  \\$a228 pages$billustrations$c24 cm
=336  \\$atext$btxt$2rdacontent
=337  \\$aunmediated$bn$2rdamedia
=338  \\$avolume$bnc$2rdacarrier
=546  \\$aIn Arabic.

