=LDR  01204cam a2200301Ia 4500
=001  ocm24020098
=003  OCoLC
=005  20140926142153.2
=008  910702s1950\\\\iq\\\\\\\\\\\\000\0\arard
=040  \\$aMNU$beng$cMNU$dOCLCG$dLGG$dOCLCQ$dOCLCA$dOCLCF$dOCLCO$dOCLCQ
=035  \\$a(OCoLC)24020098
=050  \4$aBP193.16.A2$bH55x 1950
=049  \\$aZYUU
=100  1\$aQummī, ʻAbd Allāh ibn Jaʻfar,$d-approximately 922.
=245  10$aQurb al-isnād /$ctaʼlīf Abī al-ʻAbbās ʻAbd Allāh ibn Jaʻfar al-Ḥimyārī ...
=250  \\$aal-Ṭabʻah 1.
=260  \\$aal-Najaf :$bal-Maṭbaʻah al-Ḥaydarīyah,$c1950.
=300  \\$a33, 234 pages ;$c22 cm
=336  \\$atext$btxt$2rdacontent
=337  \\$aunmediated$bn$2rdamedia
=338  \\$avolume$bnc$2rdacarrier
=600  00$aJaʻfar al-Ṣādiq,$d702?-765 or 766$xHadith.
=600  00$aMūsá al-Kāẓim ibn Jaʻfar,$d745?-799$xHadith.
=650  \0$aHadith (Shiites)
=600  07$aJaʻfar al-Ṣādiq,$d702?-765 or 766$2fast$0(OCoLC)fst01826713
=600  07$aMūsá al-Kāẓim ibn Jaʻfar,$d745?-799$2fast$0(OCoLC)fst00160385
=650  \7$aHadith.$2fast$0(OCoLC)fst00950112
=650  \7$aHadith (Shiites)$2fast$0(OCoLC)fst00950138

