=LDR  01071cam a2200277Ma 4500
=001  ocm22320047
=003  OCoLC
=005  20150315213832.6
=008  880428m19879999ir\\\\\\\b\\\\000\0\ara\d
=040  \\$aPUL$beng$cPUL$dOCL$dOCLCQ$dOCLCG$dOCLCQ$dOCLCF$dOCLCQ$dOCLCO
=035  \\$a(OCoLC)22320047
=049  \\$aZYUU
=100  1\$aṬūsī, Muḥammad ibn al-Ḥasan,$d995-1067?
=245  13$aAl-Khilāf /$ctaʼlīf Abī Jaʻfar Muḥammad ibn al-Ḥasan al-Ṭūsī.
=260  \\$a[Qum] :$bMuʼassasat al-Nashr al-Islāmī al-tābiʻah li-Jamāʻat al-Mudarrisīn bi-Qum al-Musharrafah,$c1407- [1987-]
=300  \\$avolumes ;$c25 cm
=336  \\$atext$btxt$2rdacontent
=337  \\$aunmediated$bn$2rdamedia
=338  \\$avolume$bnc$2rdacarrier
=500  \\$a"444."
=504  \\$aIncludes bibliographical references.
=650  \0$aIslamic law$vEarly works to 1800.
=650  \0$aShīʻah$vEarly works to 1800.
=650  \7$aIslamic law.$2fast$0(OCoLC)fst00979949
=650  \7$aShīʻah.$2fast$0(OCoLC)fst01117946
=655  \7$aEarly works.$2fast$0(OCoLC)fst01411636

