=LDR  01170cam a2200277Ma 4500
=001  ocm25521344
=003  OCoLC
=005  20141002214149.0
=008  880525s1937\\\\le\a\\\\\b\\\\000\0bara\d
=040  \\$aPUL$beng$cPUL$dOCLCG$dOCLCA$dOCLCF$dOCLCO$dOCLCQ
=020  \\$z8600037181
=035  \\$a(OCoLC)25521344
=049  \\$aZYUU
=245  00$aIstishhād Ibrāhīm Amārah fī Dimashq sanat 1840 :$bnaqlan ʻan maḥḍar al-qaḍīyah al-aṣlī /$cnasharahu li-awwal marrah wa-ʻallaqa ʻalayhi Būlus Qarʼalī.
=246  3\$aMartyre d'Ibrahim Amârah a Damas en 1840
=260  \\$aḤarīṣā :$bMaṭbaʻat al-Qiddīs Būlus,$c1937.
=300  \\$a89 pages :$billustrations ;$c25 cm
=336  \\$atext$btxt$2rdacontent
=337  \\$aunmediated$bn$2rdamedia
=338  \\$avolume$bnc$2rdacarrier
=500  \\$aTitle on p. [4] of cover: Le martyre d'Ibrahim Amârah a Damas en 1840.
=504  \\$aIncludes bibliographical references.
=600  10$aAmārah, Ibrāhīm,$d-1840$xAssassination.
=600  17$aAmārah, Ibrāhīm,$d-1840$2fast$0(OCoLC)fst01804347
=650  \7$aAssassination.$2fast$0(OCoLC)fst00818962
=700  1\$aQarʼalī, Būlus,$d-1952.

