=LDR  01432cam a2200349Ma 4500
=001  ocn264966339
=003  OCoLC
=005  20191024123234.2
=008  020607s1898\\\\ti\\\\\\\\\\\\001\0\ara\d
=040  \\$aCUD$beng$cCUD$dOCLCQ$dOCLCO$dOCLCA$dOCLCF$dOCLCO$dGZM$dOCL
=066  \\$c(3
=035  \\$a(OCoLC)264966339
=043  \\$aaw-----$aff-----$ae-sp---
=049  \\$aZYUU
=100  0\$6880-01$aIbn al-Khaṭīb,$d1313-1374.
=245  10$6880-02$aRaqm ʼal-ḥulal fī naẓm ʼal-duwal /$ctaʼlīf ʼAbī ʻAbd ʼAllāh ʼIbn ʼal-Khatīb ʼal-Silmānī.
=264  \1$6880-03$aTūnis :$bʼal-Maṭbaʻah ʼal-ʻumūmīyah,$c1316 [1898]
=300  \\$a122 pages ;$c24 cm
=336  \\$atext$btxt$2rdacontent
=337  \\$aunmediated$bn$2rdamedia
=338  \\$avolume$bnc$2rdacarrier
=500  \\$aWith a commentary by the author.
=500  \\$aIncludes index.
=650  \0$aCaliphs$vBiography.
=651  \0$aIslamic Empire$xHistory.
=650  \7$aCaliphs.$2fast$0(OCoLC)fst00844318
=651  \7$aIslamic Empire.$2fast$0(OCoLC)fst01244134
=655  \7$aBiographies.$2fast$0(OCoLC)fst01919896
=655  \7$aHistory.$2fast$0(OCoLC)fst01411628
=880  0\$6100-01/(3/r$aابن الخطيب.
=880  10$6245-02/(3/r$aرقم ألحلل في نظم ألدول /$cتأليف ءبي عبد ءلاه ءابن ألختيب ألسلماني.
=880  \1$6264-03/(3/r$aتونس :$bألمطبعة ألعمومية،$c1316 [1898]

