=LDR  00804cam a2200217K  4500
=001  ocm42865740
=003  OCoLC
=005  20130905002552.6
=008  991120s1920\\\\ti\\\\\\\\\\\\000\0\ara\d
=040  \\$aPUL$beng$cPUL$dOCLCQ
=035  \\$a(OCoLC)42865740
=049  \\$aZYUU
=100  1\$aKhaznadār, Muḥammad al-Shādhilī,$d1881 or 1882-
=245  10$aḤayāt al-shiʻr wa-aṭwāruh;$bmusāmarah.
=260  \\$aTunis,$bal-Maṭbaʻah al-Tūnisīyah,$c1920.
=300  \\$a52 pages$c22 cm
=336  \\$atext$btxt$2rdacontent
=337  \\$aunmediated$bn$2rdamedia
=338  \\$avolume$bnc$2rdacarrier
=546  \\$aIn Arabic.
=776  08$iOnline version:$aKhaznadār, Muḥammad al-Shādhilī, 1881 or 2-$tḤayāt al-shiʻr wa-aṭwāruh.$dTunis, al-Maṭbaʻah al-Tūnisīyah, 1920$w(OCoLC)656563705

