=LDR  01747cam a2200397Ma 4500
=001  ocm34094838
=003  OCoLC
=005  20150225225733.1
=008  951215s1989\\\\ir\\\\\\\b\\\\000\0\ara\d
=040  \\$aPUL$beng$cPUL$dYUS$dOCLCQ$dOCLCF$dOCLCQ$dOCLCO
=066  \\$c(3
=019  \\$a122807740
=035  \\$a(OCoLC)34094838$z(OCoLC)122807740
=043  \\$af------$aa------
=050  14$aLB1115$b.T545 1989
=049  \\$aZYUU
=245  03$6880-01$aal-Ṭifl :$bnushūʼuhu wa-tarbiyatuh /$c[al-taʼlīf wa-al-tanẓīm: Qism al-Aṭfāl wa-al-Nāshiʼīn li-Muʼassasat al-Biʻthah].
=250  \\$6880-02$aal-Ṭabʻah 1.
=260  \\$6880-03$aṬihrān :$bal-Qism,$c1410 [1989 or 1990]
=300  \\$a390 pages ;$c25 cm
=336  \\$atext$btxt$2rdacontent
=337  \\$aunmediated$bn$2rdamedia
=338  \\$avolume$bnc$2rdacarrier
=504  \\$aIncludes bibliographical references.
=650  \0$aChild development$zIslamic countries.
=650  \0$aChild psychology$zIslamic countries.
=650  \0$aChildren$zIslamic countries.
=650  \7$aChild development.$2fast$0(OCoLC)fst00854393
=650  \7$aChild psychology.$2fast$0(OCoLC)fst00854540
=650  \7$aChildren.$2fast$0(OCoLC)fst00854835
=651  \7$aIslamic countries.$2fast$0(OCoLC)fst01244130
=710  2\$6880-04$aBunyād-i Biʻs̲at.$bVāḥid-i Kūdakān va Nawjavānān.
=880  00$6245-01/(3/r$aالطفل :$bنشوؤه وتربيته /$c[التأليف والتنظيم: قسم الأطفال والناشئين لمؤسسة البعثة].
=880  \\$6250-02/(3/r$aالطبعة 1.
=880  \\$6260-03/(3/r$aطهران :$bالقسم،$c١٤١٠ [1989 or 1990]
=880  2\$6710-04/(3/r$aبنياد بعثت.$bواحد كودكان و نوجوانان.

