=LDR  01103cam a2200301I  4500
=001  ocm08196875
=003  OCoLC
=005  20150407091413.7
=008  820226s1952\\\\jo\\\\\\\d\\\\000\0\ara\d
=040  \\$aNSA$beng$cNSA$dOCL$dOCLCQ$dOCLCF$dOCLCQ$dOCLCO
=035  \\$a(OCoLC)8196875
=050  \4$aU25$b.Q1
=049  \\$aZYUU
=245  03$aal-Qamus al-ʼaskari.$bArab Legion military dictionary; English Arabic.
=246  3\$aArab Legion military dictionary
=246  3\$aMilitary dictionary; English-Arabic
=250  \\$a[1st ed.
=260  \\$aAmman?$bPlace of publication not identified,$c19552]
=300  \\$a196 pages
=336  \\$atext$btxt$2rdacontent
=337  \\$aunmediated$bn$2rdamedia
=338  \\$avolume$bnc$2rdacarrier
=500  \\$aEquivalents of English words given in phonetic Arabic and phonetic English.
=650  \0$aMilitary art and science$vDictionaries.
=650  \0$aEnglish language$vDictionaries$xArabic.
=650  \7$aEnglish language.$2fast$0(OCoLC)fst00910920
=650  \7$aMilitary art and science.$2fast$0(OCoLC)fst01020874
=655  \7$aDictionaries.$2fast$0(OCoLC)fst01423826

