=LDR  01411cam a2200301Ma 4500
=001  ocn175307291
=003  OCoLC
=005  20180424092816.3
=008  870918m19839999ir\\\\\\\b\\\\000\0\ara\d
=040  \\$aPUL$beng$cPUL$dOCLCO$dOCLCQ$dOCLCF
=035  \\$a(OCoLC)175307291
=049  \\$aZYUU
=100  1\$aFāz̤il Lankarānī, Muḥammad.
=240  10$aTafṣīl al-sharīʻah fī sharḥ Taḥrīr al-wasīlah
=245  13$aal-Ijārah min kitāb Tafṣīl al-sharīʻah fī sharḥ Taḥrīr al-wasīlah /$cbi-qalam Muḥammad al-Muwaḥḥidī al-Lankarānī al-shahīr bi-al-Fāḍil.
=246  3\$aTafṣīl al-sharīʻah
=250  \\$aal-Ṭabʻah 1.
=260  \\$aQum :$b[publisher not identified],$c1404- [1983 or 1984-]
=300  \\$avolumes ;$c25 cm
=336  \\$atext$btxt$2rdacontent
=337  \\$aunmediated$bn$2rdamedia
=338  \\$avolume$bnc$2rdacarrier
=500  \\$aVol. title preceeds title on title pages.
=504  \\$aIncludes bibliographical references.
=505  1\$aal-juzʼ 1. al-Ijārah -- al-juzʼ 2. Kitāb al-qiṣāṣ -- al-juzʼ 3. Kitāb al-ṭahārah, al-najāsāt wa-aḥkāmuhā -- al-juzʼ 4. al-Juzʼ al-awwal min mabāḥith al-ḥajj.
=600  10$aKhomeini, Ruhollah.$tTaḥrīr al-wasīlah.
=650  \0$aIslamic law$xInterpretation and construction.
=650  \7$aIslamic law$xInterpretation and construction.$2fast$0(OCoLC)fst00979955

