=LDR  00888cam a2200253Ma 4500
=001  ocm40728994
=003  OCoLC
=005  20150216033121.0
=008  990107s1990\\\\ir\\\\\\\b\\\\000\0\ara\d
=040  \\$aPUL$beng$cPUL$dOCLCF$dOCLCQ$dOCLCO
=035  \\$a(OCoLC)40728994
=050  \4$aBP184.4$b.Q329 1990
=049  \\$aZYUU
=100  1\$aQudayrī, Muḥammad Ḥasan.
=245  13$aal-Tayammum /$ctaʼlīf Muḥammad Ḥasan Qudayrī.
=250  \\$aChāp-i 1.
=260  \\$a[Iran] :$bIntishārāt-i Usvah vābastah bih Sāzmān-i Ḥājj va Awqāf va Umūr-i Khayrīyah,$c1369 [1990 or 1991]
=300  \\$a194 pages ;$c24 cm
=336  \\$atext$btxt$2rdacontent
=337  \\$aunmediated$bn$2rdamedia
=338  \\$avolume$bnc$2rdacarrier
=504  \\$aIncludes bibliographical references.
=650  \0$aPurity, Ritual$xIslam.
=650  \7$aPurity, Ritual$xIslam.$2fast$0(OCoLC)fst01084388

