=LDR  00854cam a2200253Ma 4500
=001  ocn175307349
=003  OCoLC
=005  20190209160836.5
=008  880824s1949\\\\ua\\\\\\rb\\\\000\0\ara\d
=040  \\$aPUL$beng$epn$cPUL$dOCLCG$dOCLCF$dOCLCO$dOCLCQ
=035  \\$a(OCoLC)175307349
=049  \\$aZYUU
=100  1\$aKaram, Yūsuf,$d1886-1959.
=245  10$aTārīkh al-falsafah al-ḥadīthah /$cYūsuf Karam.
=260  \\$aMiṣr :$bDār al-Maʻārif,$c[1949]
=300  \\$a454 pages ;$c25 cm
=336  \\$atext$btxt$2rdacontent
=337  \\$aunmediated$bn$2rdamedia
=338  \\$avolume$bnc$2rdacarrier
=504  \\$aIncludes bibliographical references (pages 441-442).
=533  \\$aPrint reproduction.
=650  \0$aPhilosophy, Modern$xHistory.
=650  \7$aPhilosophy, Modern.$2fast$0(OCoLC)fst01061071
=655  \7$aHistory.$2fast$0(OCoLC)fst01411628

