=LDR  01341cam a2200313Ma 4500
=001  ocm83350337
=003  OCoLC
=005  20180420153655.6
=008  901203s1985\\\\ir\\\\\\\b\\\\000\0\ara\d
=040  \\$aPUL$beng$cPUL$dOCLCO$dOCLCQ$dOCLCO$dOCLCF
=035  \\$a(OCoLC)83350337
=049  \\$aZYUU
=100  1\$aKhūʼī, Abū al-Qāsim ibn ʻAlī Akbar,$d1899-
=240  10$aKhums
=245  10$aKitāb al-Khums :$bmuḥāḍarāt zaʻīm al-ḥawzah al-ʻilmīyah Āyat Allāh al-ʻUẓmá al-Sayyid Abū al-Qāsim al-Mūsawī al-Khūʼī ... /$c[taʼlīf Murtaḍá al-Burūjirdī].
=260  \\$a[Qum] :$bLuṭfī,$c1394 [1985 or 1986]
=300  \\$a375 pages ;$c25 cm.
=336  \\$atext$btxt$2rdacontent
=337  \\$aunmediated$bn$2rdamedia
=338  \\$avolume$bnc$2rdacarrier
=490  1\$aMustanad al-ʻUrwah al-wuthqá
=500  \\$aCover title.
=504  \\$aIncludes bibliographical references.
=600  10$aṬabāṭabāʼī al-Yazdī, Muḥammad Kāẓim,$d-1919.$tʻUrwah al-wuthqá.
=650  \0$aIslamic law$xInterpretation and construction.
=650  \7$aIslamic law$xInterpretation and construction.$2fast$0(OCoLC)fst00979955
=700  1\$aBurūjirdī, Murtaḍá.
=740  0\$aKhums.
=800  1\$aKhūʼī, Abū al-Qāsim ibn ʻAlī Akbar,$d1899-$tMustanad al-ʻUrwah al-wuthqá.

