=LDR  03086cam a2200553Ia 4500
=001  ocm23486702
=003  OCoLC
=005  20190505192924.1
=008  891003s1952\\\\ua\\\\\\\\\\\\000\0\ara\d
=040  \\$aEYM$beng$cEYM$dOCLCQ$dORZ$dOCLCQ$dOCLCF$dOCLCA$dOCLCQ$dOCLCA
=066  \\$c(3
=035  \\$a(OCoLC)23486702
=043  \\$af-ua---
=050  \4$aCD2316$b.A4 1952
=050  \4$aDS97.5$bR987 1952
=049  \\$aZYUU
=100  1\$6880-01$aRustum, Asad,$d1897-1965.
=245  13$6880-02$aal-Maḥfūẓāt al-Malakīyah /$cʻuniya bi-intiqāʼihā wa-tansīqihā wa-al-ishrāf ʻalá tarjamat baʻḍhā Asad Rustum ; al-fahāris li-Ṣubḥī Nāyif Abū Shaqrā.
=246  14$6880-03$aFihris wathāʼiq al-Shām fī ʻahd Muḥammad ʻAlī al-Kabīr
=260  \\$6880-04$a[Cairo] :$bDār al-Maʻārif bi-Miṣr,$c[1952]
=300  \\$a326 pages ;$c24 cm
=336  \\$atext$btxt$2rdacontent
=337  \\$aunmediated$bn$2rdamedia
=338  \\$avolume$bnc$2rdacarrier
=500  \\$6880-05$aAt head of title: al-Jamʻīyah al-Malakīyah lil-Dirāsāt al-Tārīkhīyah.
=500  \\$6880-06$a"Al-Dhikrá al-miʼawīyah lil-maghfūr la-hu Muḥammad ʻAlī al-Kabīr"--Cover.
=530  \\$aAlso issued online.
=651  \0$aSyria$xHistory$vSources.
=651  \0$aLebanon$xHistory$vSources.
=650  \0$aArchives$zEgypt.
=650  \7$aArchives.$2fast$0(OCoLC)fst00814030
=651  \7$aEgypt.$2fast$0(OCoLC)fst01208755
=651  \7$aLebanon.$2fast$0(OCoLC)fst01206063
=651  \7$aSyria.$2fast$0(OCoLC)fst01208757
=655  \7$aHistory.$2fast$0(OCoLC)fst01411628
=655  \7$aSources.$2fast$0(OCoLC)fst01423900
=700  1\$6880-07$aAbū Shaqrā, Ṣubḥī Nāyif.
=700  12$6880-08$aAbū Shaqrā, Ṣubḥī Nāyif.$tFihris wathāʼiq al-Shām fī ʻahd Muḥammad ʻAlī al-Kabīr.
=710  2\$6880-09$aJamʻīyah al-Miṣrīyah lil-Dirāsāt al-Tārīkhīyah.
=776  08$iOnline version:$aRustum, Asad, 1897-1965.$tMaḥfūẓāt al-Malakīyah.$d[Cairo] : Dār al-Maʻārif bi-Miṣr, [1952]$w(OCoLC)645345324
=880  1\$6100-01/(3/r$aرستم، اسد.
=880  12$6245-02/(3/r$aالمحفوظات الملكية /$cعني بانتقائها وتنسيقها والاشراف على ترجمة بعضها اسد رستم ؛ الفهارس لصبحي نايف ابو شقرا.
=880  14$6246-03/(3/r$aفهرس وثائق الشام في عهد محمد علي الكبير
=880  \\$6260-04/(3/r$a[القاهرة] :$bدار المعارف بمصر،$c[1952]
=880  \\$6500-05/(3/r$aAt head of title: الجمعية الملكية للدراسات التاريخية.
=880  \\$6500-06/(3/r$a"الذكرى المئوية للمغفور له محمد علي الكبير"Cover.
=880  1\$6700-07/(3/r$aابو شقرا، صبحي نايف.
=880  12$6700-08/(3/r$aابو شقرا، صبحي نايف.$tفهرس وثائق الشام في عهد محمد علي الكبير.
=880  2\$6710-09/(3/r$aجمعية المصرية للدراسات التاريخية.

