=LDR  01158cam a2200301Ma 4500
=001  ocm78556187
=003  OCoLC
=005  20191021140753.7
=008  830506s1954\\\\sy\a\\\\\\\\\\000\0cara\d
=040  \\$aPUL$beng$cPUL$dOCLCQ$dHLS$dOCLCQ$dOCLCF$dOCL
=066  \\$c(3
=035  \\$a(OCoLC)78556187
=043  \\$aa-sy---
=049  \\$aZYUU
=100  1\$6880-01$aRamzī, ʻUthmān.
=245  10$aKitāb al-Jazīrah wa-rijalatihā :$btaʻrīf al-Jazīrah ilá abnāʼ Sūriyā wa-al-bilād al-ʻArabīyah /$cal-muʼallifān ʻUthmān Ramzī, Salīm Ḥānā.
=260  \\$6880-02$aal-Qāmishlī :$bMaṭbaʻat al-Khābūr,$c[1954?]
=300  \\$a55 pages :$billustrations ;$c22 cm
=336  \\$atext$btxt$2rdacontent
=337  \\$aunmediated$bn$2rdamedia
=338  \\$avolume$bnc$2rdacarrier
=500  \\$aCover title.
=651  \0$aJazīrah (Syria)$vBiography.
=655  \7$aBiographies.$2fast$0(OCoLC)fst01919896
=700  1\$6880-03$aḤānā, Salīm.
=880  1\$6100-01/(3/r$aرمزي، عثمان.
=880  \\$6260-02/(3/r$aالقامشلي :$bمطبعة الخابور،$c[1954؟]
=880  1\$6700-03/(3/r$aحانا، سليم.

