=LDR  01213cam a2200313Ma 4500
=001  ocm22319158
=003  OCoLC
=005  20190907104436.2
=008  870918s1984\\\\ir\\\\\\\bm\\\000\0\ara\d
=040  \\$aPUL$beng$cPUL$dOCLCQ$dOCLCF$dOCLCO$dOCLCQ$dOCLCO$dOCL
=035  \\$a(OCoLC)22319158
=049  \\$aZYUU
=100  1\$aJawāhirī, Ḥasan Muḥammad Taqī.
=245  13$aal-Ribā fiqhīyan wa-iqtiṣādīyan /$cḤasan Muḥammad Taqī al-Jawāhirī.
=260  \\$a[Qum] :$bH.M.T. Jawāhirī,$c1405 [1984 or 1985]
=300  \\$a483 pages ;$c25 cm
=336  \\$atext$btxt$2rdacontent
=337  \\$aunmediated$bn$2rdamedia
=338  \\$avolume$bnc$2rdacarrier
=504  \\$aIncludes bibliographical references (pages 469-473).
=502  \\$bB.A.$cKullīyat al-Fiqh, Najaf$d1970
=650  \0$aInterest (Islamic law)
=650  \0$aFinance (Islamic law)
=650  \0$aEconomics$xReligious aspects$xIslam.
=650  \7$aEconomics$xReligious aspects$xIslam.$2fast$0(OCoLC)fst00902190
=650  \7$aFinance (Islamic law)$2fast$0(OCoLC)fst00924432
=650  \7$aInterest (Islamic law)$2fast$0(OCoLC)fst00976152
=655  \7$aAcademic theses.$2fast$0(OCoLC)fst01726453
=655  \7$aAcademic theses.$2lcgft

