=LDR  01629cam a2200361 a 4500
=001  ocm20636961
=003  OCoLC
=005  20140912235031.8
=008  871127s1985\\\\ir\\\\\\\\\\\\000\0\arar\
=010  \\$a   86930954 
=040  \\$aDLC$beng$cDLC$dIUL$dEYM$dOCLCF$dOCLCA$dOCLCQ
=066  \\$c(3
=019  \\$a23506014
=029  1\$aAU@$b000026729569
=035  \\$a(OCoLC)20636961$z(OCoLC)23506014
=050  00$aBP194$b.S92 1985
=049  \\$aZYUU
=100  1\$6880-01$aSubḥānī, Jaʻfar.
=245  10$6880-02$aTahdhīb al-uṣūl :$btaqrīran li-baḥth ... Rūh Allāh al-Mūsawī al-Khumaynī /$cbi-qalam Jaʻfar al-Subḥānī al-Tabrīzī.
=260  \\$6880-03$aQum, Īrān :$bMuʼassasat Ismāʻīlīyān,$c[1985?]
=300  \\$a3 volumes ;$c25 cm
=336  \\$atext$btxt$2rdacontent
=337  \\$aunmediated$bn$2rdamedia
=338  \\$avolume$bnc$2rdacarrier
=600  10$6880-04$aKhomeini, Ruhollah.
=650  \0$aShīʻah$xDoctrines.
=600  17$aKhomeini, Ruhollah.$2fast$0(OCoLC)fst00044181
=650  \7$aShīʻah$xDoctrines.$2fast$0(OCoLC)fst01117948
=776  08$iOnline version:$aSubḥānī, Jaʻfar.$tTahdhīb al-uṣūl.$dQum, Irān : Muʼassast Ismāʻīlīyah, [198-?]$w(OCoLC)573059606
=880  1\$6100-01/(3/r$aسبحاني، جعفر.
=880  10$6245-02/(3/r$aتهذيب الأصول :$bتقريرا ًلبحث ... روح الله الموسوي الخميني /$cبقلم جعفر السبحاني التبريزي.
=880  \\$6260-03/(3/r$aقم، ايران :$bمؤسسة اسماعيليان،$c[1985؟]
=880  14$6600-04/(3/r$aخميني، روح الله.

