=LDR  01873cam a22003851i 4500
=001  ocm23491786
=003  OCoLC
=005  20170302191624.0
=008  890508m19391960xx\h\\\\\b\\\\000\0\ara\\
=010  \\$ane 64000354 
=040  \\$aDLC$beng$cDLC$dEYM$dOCLCA$dZCU$dOCLCO$dOCLCA$dOCLCF$dOCLCQ
=066  \\$c(3
=029  1\$aAU@$b000028123415
=035  \\$a(OCoLC)23491786
=042  \\$apremarc
=050  00$aB753.G33$bI54
=049  \\$aZYUU
=100  1\$6880-01$aFayḍ al-Kāshī, Muḥammad ibn Murtaḍá,$d1598 or 1599-1680 or 1681.
=245  13$6880-02$aal-Maḥajjah al-bayḍāʼ fī tahdhīb al-Iḥyāʼ.
=260  \\$c1939-42 [1960-63 or 4]
=300  \\$a8 volumes :$bfacsimiles ;$c25 cm
=336  \\$atext$btxt$2rdacontent
=337  \\$aunmediated$bn$2rdamedia
=338  \\$avolume$bnc$2rdacarrier
=500  \\$aRomanized.
=504  \\$aIncludes bibliographical references (v. 1, pages 36-38).
=600  00$6880-03$aGhazzālī,$d1058-1111.$tIḥyāʼ ʻulūm al-dīn.
=630  07$aIḥyāʼ ʻulūm al-dīn (Ghazzālī)$2fast$0(OCoLC)fst01365605
=700  1\$aGhaffārī, ʻAlī Akbar,$eeditor.
=776  08$iOnline version:$aFayḍ al-Kāshī, Muḥammad ibn Murtaḍá, 1598 or 9-1680 or 81.$tMaḥajjah al-bayḍāʼ fī tahdhīb al-Iḥyāʼ.$d1939-42 [1960-63 or 4]$w(OCoLC)636866052
=880  1\$6100-01/(3/r$aفيض الكاشي، محمد بن مرتضى.
=880  13$6245-02/(3/r$aالمحجة البيضاء في تهذيب الإحياء /$cتأليف محمد بن المربضى المدعو بالمولى محسن الكاشاني ؛ صححه وعلق عليه علي أكبر الغفاري.
=880  \\$6260-00/(3/r$aطهران :$bمكتبة الصدوق،$c١٣٣٩-١٣٤٢.
=880  04$6600-03/(3/r$aغزالي.$tإحياء علوم الدين.
=880  1\$6700-00/(3/r$aغفاري، علي أكبر.

