=LDR  01433cam a2200325Ma 4500
=001  ocm26003723
=003  OCoLC
=005  20150311205402.3
=008  880504s1982\\\\ir\\\\\\\b\\\\000\0\ara\d
=040  \\$aPUL$beng$cPUL$dOCLCG$dLGG$dOCLCQ$dOCLCF$dOCLCQ$dOCLCO
=035  \\$a(OCoLC)26003723
=043  \\$aa-su---
=050  \4$aBP187.3$b.M74 1982
=049  \\$aZYUU
=100  1\$aMaghnīyah, Muḥammad Jawād,$d1904-1979.
=240  10$aFiqh ʻalá al-madhāhib al-khamsah.$kSelections
=245  13$aal-Ḥajj ʻalá mukhtalif al-madhāhib.
=250  \\$aal-Ṭabʻah 1.
=260  \\$a[Tehran] :$bMunaẓẓamat al-Iʻlām al-Islāmī, Qism al-ʻAlāqāt al-Duwalīyah,$c1403 [1982 or 1983]
=300  \\$a104 pages ;$c22 cm
=336  \\$atext$btxt$2rdacontent
=337  \\$aunmediated$bn$2rdamedia
=338  \\$avolume$bnc$2rdacarrier
=500  \\$a"Muntakhab munaqqaḥ min Kitāb al-fiqh ʻalá al-madhāhib al-khamsah lil-marḥūm al-ʻallāmah al-Shaykh Muḥammad Jawād Maghnīyah"--Title page verso.
=504  \\$aIncludes bibliographical references (page 6).
=650  \0$aMuslim pilgrims and pilgrimages$zSaudi Arabia$zMecca.
=650  \0$aIslamic law$xInterpretation and construction.
=650  \7$aIslamic law$xInterpretation and construction.$2fast$0(OCoLC)fst00979955
=650  \7$aMuslim pilgrims and pilgrimages.$2fast$0(OCoLC)fst01030970
=651  \7$aSaudi Arabia$zMecca.$2fast$0(OCoLC)fst01204780

