=LDR  02036cam a2200397Ma 4500
=001  ocm25829455
=003  OCoLC
=005  20200310161907.2
=008  880720s1973\\\\ir\\\\\\\b\\\\000\0\ara\d
=040  \\$aPUL$beng$cPUL$dOCL$dOCLCG$dOCLCA$dOCLCQ$dOCLCO$dOCLCA$dN15$dOCLCF$dOCLCQ$dOCLCA
=066  \\$c(3
=035  \\$a(OCoLC)25829455
=050  \4$aBP173.4$b.K35 1973
=049  \\$aZYUU
=100  1\$6880-01$aKarakī, Ḥasan ibn ʻAlī,$dactive 16th century.
=245  10$6880-02$aAṭāʼib al-kalim fī bayān ṣilat al-raḥim /$cḤasan ibn ʻAlī ibn ʻAbd al-ʻAlī al-Karakī al-ʻĀmilī ; iʻdād Aḥmad al-Ḥusaynī.
=250  \\$6880-03$aal-Ṭabʻah 1.
=260  \\$a[Qum] :$bMaktabat Āyat Allāh al-Marʻashī al-ʻĀmmah,$c1394 [1973 or 1974]
=300  \\$a47 pages ;$c24 cm.
=336  \\$atext$btxt$2rdacontent
=337  \\$aunmediated$bn$2rdamedia
=338  \\$avolume$bnc$2rdacarrier
=490  1\$aMin makhṭūṭāt Maktabat Āyah Allāh al-Marʻashī al-ʻĀmmah ;$v1
=504  \\$aIncludes bibliographical references.
=650  \0$aKinship (Islamic law)$vEarly works to 1800.
=650  \7$aKinship (Islamic law)$2fast$0(OCoLC)fst00987786
=655  \7$aEarly works.$2fast$0(OCoLC)fst01411636
=700  1\$aḤusaynī, Aḥmad ibn Aḥmad,$d1854-1914.
=830  \0$aMin makhṭūṭāt Maktabat Āyah Allāh al-Marʻashī al-ʻĀmmah ;$v1.
=880  1\$6100-01/(3/r$aكركي، حسن بن علي.
=880  10$6245-02/(3/r$aاطائب الكلم في بيان صلة الرحم /$cحسن بن علي بن عبد العالي الكركي العاملي ؛ أعداد أحمدالحسيني.
=880  \\$6250-03/(3/r$aالطبعة ١.
=880  \\$6260-00/(3/r$aقم :$bمطبعة مهر،$c١٣٩٤.
=880  1\$6490-00/(3/r$aمن مخطوطات مكتبة آية الله المرعشي العامة ؛$v١
=880  1\$6700-00/(3/r$aحسيني، أحمد.
=880  \0$6830-00/(3/r$aمن مخطوطات مكتبة آية الله المرعشي العامة ؛ ;$v١.

