=LDR  00908cam a2200253Ma 4500
=001  ocm36783180
=003  OCoLC
=005  20180407201945.3
=008  950615s1858\\\\tu\\\\\\\\\\\\000\0\ara\d
=040  \\$aPUL$beng$cPUL$dOCLCG$dOCLCA$dOCLCQ$dOCLCA$dOCLCQ$dOCLCO$dOCLCF
=035  \\$a(OCoLC)36783180
=050  14$aPJ6131$b.K333 1858
=049  \\$aZYUU
=100  1\$aKaffawī, Muḥammad ibn Ḥumayd,$d-1760 or 1761.
=245  10$aSharḥ al-Bināʼ /$cli-Muḥammad al-Kaffawī.
=260  \\$a[Istanbul] :$b[publisher not identified],$c1275 [1858]
=300  \\$a79 pages ;$c20 cm
=336  \\$atext$btxt$2rdacontent
=337  \\$aunmediated$bn$2rdamedia
=338  \\$avolume$bnc$2rdacarrier
=500  \\$aCaption title.
=600  10$aDunquzī, ʻAbd Allāh,$dactive 17th century.$tBināʼ al-afʻāl.
=650  \0$aArabic language$xMorphology.
=650  \7$aArabic language$xMorphology.$2fast$0(OCoLC)fst00812380

