=LDR  01024cam a2200253Ma 4500
=001  ocm31707253
=003  OCoLC
=005  20200712114907.3
=008  941207s1989\\\\ir\\\\\\\b\\\\000\0\ara\d
=040  \\$aPUL$beng$cPUL$dOCLCQ$dOCLCO$dOCLCF$dOCL
=035  \\$a(OCoLC)31707253
=049  \\$aZYUU
=100  1\$aĀṣafī, Muḥammad Mahdī.
=245  10$aMafātīḥ al-dukhūl ilá riḥāb al-Qurʼān /$cbi-qalam Muḥammad Mahdī al-Āṣafī.
=260  \\$aQum :$bDār al-Qurʼān al-Karīm,$c1409 [1989]
=300  \\$a38 pages ;$c22 cm
=336  \\$atext$btxt$2rdacontent
=337  \\$aunmediated$bn$2rdamedia
=338  \\$avolume$bnc$2rdacarrier
=500  \\$aExtracted from the proceedings of al-Muʼtamar al-Awwal lil-Abḥāth wa-al-Dirāsāt al-Qurʼānīyah (Qum : Dār al-Qurʼān al-Karīm, 27 Rajab 1409).
=504  \\$aIncludes bibliographical references.
=630  00$aQurʼan$xStudy and teaching.
=630  07$aQurʼan.$2fast$0(OCoLC)fst01842877
=650  \7$aEducation.$2fast$0(OCoLC)fst00902499

