=LDR  00931cam a2200277K  4500
=001  ocm42882144
=003  OCoLC
=005  20191020204858.7
=008  991124s1968\\\\iq\\\\\\\\\\\\000\0cara\d
=040  \\$aPUL$beng$cPUL$dOCL$dLGG$dOCLCF$dOCLCQ$dOCLCO$dOCL
=035  \\$a(OCoLC)42882144
=050  \4$aBP187$b.K366 1968
=049  \\$aZYUU
=100  1\$aKammūnah, Ḥaydar ʻAbd al-Razzāq.
=245  10$aMashāhid al-ʻitrah al-ṭāhirah wa-aʻyān al-ṣaḥābah wa-al-tābiʻīn.
=260  \\$aal-Najaf,$bMaṭbaʻat al-Ādāb,$c1968.
=300  \\$a304 pages$c25 cm
=336  \\$atext$btxt$2rdacontent
=337  \\$aunmediated$bn$2rdamedia
=338  \\$avolume$bnc$2rdacarrier
=546  \\$aIn Arabic.
=650  \0$aMuslims$vBiography.
=650  \0$aIslamic shrines.
=650  \7$aIslamic shrines.$2fast$0(OCoLC)fst00980069
=650  \7$aMuslims.$2fast$0(OCoLC)fst01031029
=655  \7$aBiographies.$2fast$0(OCoLC)fst01919896

