=LDR  02275cem a2200421Ma 4500
=001  ocm60499019
=003  OCoLC
=005  20150422012018.5
=008  031008s1955\\\\ua\\\\\\\\e\\\\\1\\\ara\d
=040  \\$aMEAUC$beng$cMEAUC$dOCLCG$dOCLCQ$dOCLCF$dOCLCO$dOCLCQ
=066  \\$c(3
=035  \\$a(OCoLC)60499019
=041  1\$aara$heng
=043  \\$aaw-----$aff-----
=050  14$aG1786.S1$bH3
=049  \\$aZYUU
=100  1\$aHazard, Harry W.$q(Harry Williams),$d1918-1989.
=240  10$aAtlas of Islamic history.$lArabic
=245  10$6880-01$aAṭlas al-tārīkh al-Islāmī /$cṣannafahu Hārī W. Hāzārd ; rasama kharāʼiṭahu Simīlī wa-Kūk ; tarjamahu wa-ḥaqqaqahu Ibrāhīm Zakī Khūrshīd ; rājaʻahu Muḥammad Muṣṭafá Ziyādah ; qaddama la-hu Muḥammad ʻAwaḍ Muḥammad.
=260  \\$6880-02$aal-Qāhirah :$bMaktabat al-Nahḍah al-Miṣrīyah,$c[1955]
=300  \\$a1 atlas (52 pages) :$bcolor maps ;$c28 x 37 cm
=336  \\$acartographic image$bcri$2rdacontent
=337  \\$aunmediated$bn$2rdamedia
=338  \\$avolume$bnc$2rdacarrier
=500  \\$aCover title.
=500  \\$aThis is an authorized translation of: Atlas of Islamic history, compiled by Harry W. Hazard, maps executed by H. Lester Cooke, Jr., and J. McA. Smiley. copyright 1951 by Princeton University Press. Revised edtion 1954. Vol. 12 "Princeton Oriental Studies."
=500  \\$aTranslation of: Atlas of Islamic history.
=500  \\$a"Maps by H. Lester Cooke and J. McA. Smiley."
=500  \\$aIncludes index.
=651  \0$aIslamic countries$xHistorical geography$vMaps.
=650  \7$aHistorical geography.$2fast$0(OCoLC)fst00958122
=651  \7$aIslamic countries.$2fast$0(OCoLC)fst01244130
=655  \7$aMaps.$2fast$0(OCoLC)fst01423704
=700  1\$aCooke, Hereward Lester.
=700  1\$aSmiley, J. McA.
=700  1\$aKhūrshīd, Ibrāhīm Zakī.
=880  10$6245-01/(3/r$aأطلس التاريخ الاسلامي/$cصنفد هاري . و . هازار، رسم خراىطة سميلي و كوك،ترجمة وحققة ابراهيم زكي خورشيد، مراجعة محمد مصطفي زيادة، قدم لة محمد عوض محمد.
=880  \\$6260-02/(3/r$aالقاهرة ؛$bمكتبة النهضة المصرية،$c1955.

