=LDR  00967cam a2200277K  4500
=001  ocm42882142
=003  OCoLC
=005  20150630172952.2
=008  991124s1970\\\\ir\\\\\\\\\\\\000\0\ara\d
=040  \\$aPUL$beng$cPUL$dOCLCQ$dOCLCO$dOCLCF$dOCL
=035  \\$a(OCoLC)42882142
=050  \4$aDD491.R48 G84$bT46
=049  \\$aZYUU
=100  1\$aal-Kafʻamī, Ibrāhīm ibn ʻAlī,$dactive 1489.
=245  10$aJunnat al-wāqiyah wa-jannat al-īmān al-bāqiyah al-mushtahar bi-al-Miṣbāḥ.
=246  3\$aMiṣbāḥ
=250  \\$aal-Ṭabʻah 2.
=260  \\$aTehran,$bMuʼassaseh-yi Maṭbūʻātī-yi Ismāʻīliyān,$c1349 [1970 or 71]
=300  \\$a774 pages$c34 cm
=336  \\$atext$btxt$2rdacontent
=337  \\$aunmediated$bn$2rdamedia
=338  \\$avolume$bnc$2rdacarrier
=546  \\$aIn Arabic.
=650  \0$aIslam$vPrayers and devotions.
=650  \7$aIslam.$2fast$0(OCoLC)fst00979776
=655  \7$aPrayers and devotions.$2fast$0(OCoLC)fst01423909

