=LDR  01761cam a2200373Ma 4500
=001  ocm25461042
=003  OCoLC
=005  20160721010116.4
=008  920129s1983\\\\ir\\\\\\\b\\\\000\0\ara\d
=040  \\$aNYP$beng$cNYP$dOCLCG$dOCLCQ$dOCLCA$dOCLCF$dOCLCQ$dOCLCO$dOCLCA$dOCLCQ
=066  \\$c(3$c(4
=035  \\$a(OCoLC)25461042
=041  1\$aara$aper$hara
=049  \\$aZYUU
=100  1\$6880-01$aMūsawī al-Iṣbahānī, Abū al-Ḥasan,$d1867 or 1868-1945 or 1946.
=245  10$6880-02$aMikyāl al-makārim fī fawāʼid al-duʻāʼ lil-qāʼim /$cĀyat Allāh Sayyid Muḥammad Taqī Mūsawī Iṣfahānī ; tarjamah-i Sayyid Mahdī Ḥāʼirī Qazvīnī.
=250  \\$6880-03$aChāp-i 1.
=260  \\$6880-04$a[Tehran?] :$bIntishārāt-i Badr,$c1403 [i.e. 1983]
=300  \\$a2 volumes ;$c24 cm
=336  \\$atext$btxt$2rdacontent
=337  \\$aunmediated$bn$2rdamedia
=338  \\$avolume$bnc$2rdacarrier
=500  \\$aIn Arabic with accompanying Persian translation.
=504  \\$aIncludes bibliographical references.
=650  \0$aIslam$xCustoms and practices.
=650  \0$aReligious life$xIslam.
=650  \0$aIslamic ethics.
=650  \7$aIslam$xCustoms and practices.$2fast$0(OCoLC)fst00979785
=650  \7$aIslamic ethics.$2fast$0(OCoLC)fst00979936
=650  \7$aReligious life$xIslam.$2fast$0(OCoLC)fst01094119
=880  0\$6100-01/(3/r$aمحمد تقى موسوى اصفهانى.
=880  10$6245-02/(3/r$aمكيال تامكارم في فوائد الدعاء للقائم /$cآية الله سيد محمد تقى موسوى اصفهانى ؛ ترجمه سيد مهدى حائرى قزوينى.
=880  \\$6250-03/(4/r$aچاپ ١.
=880  \\$6260-04/(3/r$a[Tehran?] :$bانتشارات بدر،$c١٤٠٣.

