=LDR  00879cam a2200229Ma 4500
=001  ocm81993901
=003  OCoLC
=005  20161212091918.7
=008  901029s1872\\\\sy\\\\\\\\\\\\000\0\ara\d
=040  \\$aPUL$beng$cPUL$dOCLCF$dOCLCO$dOCLCQ
=035  \\$a(OCoLC)81993901
=049  \\$aZYUU
=245  00$aQaṭf al-zahwī ay majmūʻ al-taqārīẓ /$ctuqaddamat Yūsuf Afandī Niʻmat Allāh.
=260  \\$aḤalab :$bal-Madrasah al-Mārūnīyah,$c1872.
=300  \\$a8 [i.e. 10] pages ;$c23 cm
=336  \\$atext$btxt$2rdacontent
=337  \\$aunmediated$bn$2rdamedia
=338  \\$avolume$bnc$2rdacarrier
=500  \\$aCover title.
=650  \0$aLaudatory poetry, Arabic.
=650  \7$aLaudatory poetry, Arabic.$2fast$0(OCoLC)fst00993507
=776  08$iOnline version:$tQaṭf al-zahwī ay majmūʻ al-taqārīẓ.$dḤalab : al-Madrasah al-Mārūnīyah, 1872$w(OCoLC)780199984

