=LDR  02116cam a2200421I  4500
=001  ocm23500454
=003  OCoLC
=005  20190709150510.7
=008  841116m19619999ir\\\\\\\\\\\\000\0\arard
=040  \\$aEYM$beng$cEYM$dOCLCQ$dOCLCF$dOCLCQ$dOCLCO$dCLU$dOCL$dCGU
=066  \\$c(3
=035  \\$a(OCoLC)23500454
=050  \4$aBP135.A2$bT12
=049  \\$aZYUU
=100  1\$6880-01$aBurūjirdī, Ḥusayn al-Ṭabāṭabāʼī,$d1875-1961.
=245  10$6880-02$aJāmiʻ aḥādīth al-Shīʻah fī aḥkām al-sharīʻah /$calladhī ullifa taḥta ishrāf Ḥusayn al-Ṭabāṭabāʼī al-Burūjirdī.
=264  \1$6880-03$aṬihrān :$bMaṭbaʻat al-Misāḥah,$c1380- [i.e. 1961]-
=300  \\$aparts ;$c36 cm
=336  \\$atext$btxt$2rdacontent
=337  \\$aunmediated$bn$2rdamedia
=338  \\$avolume$bnc$2rdacarrier
=500  \\$aForms part of the Islamic Lithographs Collection.$5ICU
=505  1\$6880-04$aal-Mujallad 2.  Min awwal kitāb al-ṣalāh ilá ākhir al-khalal-
=650  \0$aIslamic law.
=650  \0$aShiites.
=650  \0$aHadith (Shiites)
=650  \0$aSalat.
=650  \7$aHadith (Shiites)$2fast$0(OCoLC)fst00950138
=650  \7$aIslamic law.$2fast$0(OCoLC)fst00979949
=650  \7$aSalat.$2fast$0(OCoLC)fst01103765
=650  \7$aShiites.$2fast$0(OCoLC)fst01115976
=655  \4$aHadith$x(Collections)
=710  2\$aIslamic Lithographs Collection.$5ICU
=776  08$iOnline version:$aBurūjirdī, Ḥusayn al-Ṭabāṭabāʼī, 1875-1961.$tJāmiʻ aḥādīth al-Shīʻah fī aḥkām al-sharīʻah.$dṬihrān : Maṭbaʻat al-Misāḥah, 1380- [i.e. 1961]-$w(OCoLC)1031483384
=880  1\$6100-01/(3/r$aبروجردي، حسين الطباطبائي،$d1875-1961.
=880  10$6245-02/(3/r$aجامع احاديث الشيعة في احكام الشريعة /$cالذي الف تحت اشراف حسين الطباطبائي البروجردي.
=880  \1$6264-03/(3/r$aطهران :$bمطبعة المساحة،$c1380- [i.e. 1961]-
=880  1\$6505-04/(3/r$aالمجلد 2.  من اول كتاب الصلاه الى آخر الخلل

