=LDR  00924cam a2200253Ma 4500
=001  ocm28144108
=003  OCoLC
=005  20190222205339.7
=008  930511q19001993sy\\\\\\r\\\\\000\0\ara\d
=040  \\$aPUL$beng$epn$cPUL$dOCLCQ$dOCLCO$dOCLCF$dOCLCQ
=035  \\$a(OCoLC)28144108
=049  \\$aZYUU
=100  1\$aSharīf, Ḥikmat Bik.
=240  10$aBānat Suʻād
=245  10$aSaʻādat al-miʻād fī mukhtaṣar sharḥ Bānat Suʻād /$cbi-qalam kātibihā wa-muṣaḥiḥihā Ḥikmat Bik Sharīf.
=246  3\$aBānat Suʻād
=260  \\$aṬarābulūs :$bal-Maktabah al-Rifāʻīyah,$c[19--]
=300  \\$a34 pages ;$c21 cm
=336  \\$atext$btxt$2rdacontent
=337  \\$aunmediated$bn$2rdamedia
=338  \\$avolume$bnc$2rdacarrier
=533  \\$aPrint reproduction.
=600  00$aKaʻb ibn Zuhayr.$tQaṣīdat al-Burdah.
=630  07$aQaṣīdat al-Burdah (Kaʻb ibn Zuhayr)$2fast$0(OCoLC)fst01376087

