=LDR  00987cam a2200241Mi 4500
=001  ocm33995835
=003  OCoLC
=005  20141118212144.2
=008  920227s1935\\\\le\\\\\\\\\\\\000\0\ara\d
=040  \\$aHLS$beng$cHLS$dOCLCQ
=066  \\$c(3
=035  \\$a(OCoLC)33995835
=049  \\$aZYUU
=100  1\$6880-01$aAbū Khāṭir, Ibrāhīm.
=245  13$aal-Khawāṭir :$bkhuṭab wa-maqālāt fī al-ijtimāʻ wa-al-siyāsah /$cbi-qalam Ibrāhīm Abī Khāṭir.
=260  \\$aZaḥlah :$bMaṭbaʻat Zaḥlat al-Fatāt,$c11935.
=300  \\$a285 pages ;$c24 cm
=336  \\$atext$btxt$2rdacontent
=337  \\$aunmediated$bn$2rdamedia
=338  \\$avolume$bnc$2rdacarrier
=880  0\$6100-01/(3/r$aابراهيم ابو خاطر.
=880  12$6245-00/(3/r$aالخواطر :$bخطب ومقالات في الاجتماع والسياسة /$cبقلم ابراهيم ابيى خاطر.
=880  \\$6260-00/(3/r$aزحلة، [Lebanon] :$bجريدة زحلة الفتاة،$c[?١٩٣٥]

