=LDR  00944cam a2200241 a 4500
=001  ocm35240819
=003  OCoLC
=005  20150224024627.8
=008  960814s1959\\\\ir\\\\\\\\\\\\000\0\ara\d
=040  \\$aCGU$beng$cCGU$dOCLCQ$dOCLCF$dOCLCQ$dOCLCO
=035  \\$a(OCoLC)35240819
=050  \4$aBP145$b.R39 1959
=049  \\$aZYUU
=100  1\$aRaz̤avī al-Kāshānī, Muḥammad Ḥusayn.
=245  10$aUṣūl muʻtabarah /$cmin muṣanafāt Muḥammad al-Raḍawī al-Kāshānī ; nahaḍa bi-mashruʻih Shihāb al-Dīn al-Raḍawī.
=250  \\$aal-Ṭabʻah 1.
=260  \\$aTihrān :$bMaṭbaʻat Sharikat Ṭabʻ al-Kitāb,$c1383 [i.e. 1338 1959]
=300  \\$a320 pages ;$c25 cm
=336  \\$atext$btxt$2rdacontent
=337  \\$aunmediated$bn$2rdamedia
=338  \\$avolume$bnc$2rdacarrier
=650  \0$aIslamic law$xInterpretation and construction.
=650  \7$aIslamic law$xInterpretation and construction.$2fast$0(OCoLC)fst00979955

