=LDR  01129cam a2200241Ma 4500
=001  ocm26188216
=003  OCoLC
=005  20141007045555.7
=008  871110q19801987ir\\\\\\\b\\\\000\0\ara\d
=040  \\$aPUL$beng$cPUL$dOCLCQ$dOCLCO$dOCLCQ
=035  \\$a(OCoLC)26188216
=049  \\$aZYUU
=100  1\$aṢadr, Muḥammad.
=245  10$aTārīkh al-ghaybah al-kubrá :$byatakaffalu fahm Islāmī jadīd li-ghaybat al-Imām al-Mahdī wa-sharāʼiṭ ẓuhūrihi wa-ʻalāmātihi wa-taklīf al-fard al-Muslim khilāla dhālik /$ctaʼliīf Muḥammad al-Ṣadr.
=260  \\$aIṣfāhan :$bKitābkhānah ʻUmūmī Imām Amīr al-Muʼmīnīn ʻAlī,$c[198-]
=336  \\$atext$btxt$2rdacontent
=337  \\$aunmediated$bn$2rdamedia
=490  1\$aMawsūʻat al-Imām al-Mahdī ;$val-kitāb 2
=504  \\$aIncludes bibliographical references.
=600  10$aMahdī, Muḥammad ibn al-Ḥasan,$dapproximately 869-
=600  10$aḤasan al-ʻAskarī ibn ʻAlī,$d844-874.
=600  10$aʻAlī al-Hādī ibn Muḥammad,$d827-868.
=800  1\$aṢadr, Muḥammad.$tMawsūʻat al-Imām al-Mahdī ;$val-kitāb 2.

