=LDR  02178cam a2200457M  4500
=001  ocm21659654
=003  OCoLC
=005  20190410031808.2
=008  840909s1967\\\\iq\\\\\\\b\\\\000\0\arao\
=010  \\$a   71265056 
=040  \\$aDLC$beng$cCUY$dOCL$dIUL$dOCLCA$dOCLCQ$dOCLCO$dOCLCA$dOCLCQ$dOCLCF$dUKMGB$dOCLCQ
=066  \\$c(3
=016  7\$a016570634$2Uk
=029  1\$aUKMGB$b016570634
=035  \\$a(OCoLC)21659654
=043  \\$aar-----
=050  0\$aBP134.E7$bS24
=049  \\$aZYUU
=100  1\$6880-01$aṢaffār, Ibtisām Marhūn.
=245  13$6880-02$aal-Taʻābīr al-Qurʹānīyah wa-al-bīʹah al-ʻArabīyah :$bfī mashāhid al-qiyāmah /$ctaʹlīf Ibtisām Marhūn al-Ṣaffār.
=250  \\$6880-03$a[al-Ṭabʻah 1.].
=260  \\$6880-04$aal-Najaf,$bMaṭbaʻat al-Ādāb,$c1966 [i.e. 1967]
=300  \\$a384 pages$c25 cm
=336  \\$atext$btxt$2rdacontent
=337  \\$aunmediated$bn$2rdamedia
=338  \\$avolume$bnc$2rdacarrier
=504  \\$aIncludes bibliographical references (pages 319-347).
=520  \\$aA study of terms used in the Qurʼān, the traditions and Arabic poetry with regard to the Day of Judgement.
=630  00$aQurʼan$xGeography
=630  00$aQurʼan$xLanguage, style
=650  \0$aEthnology in the Qurʼan
=650  \0$aIslamic eschatology$xQurʼanic teaching
=630  07$aQurʼan.$2fast$0(OCoLC)fst01842877
=650  \7$aEthnology in the Qurʼan.$2fast$0(OCoLC)fst01860523
=650  \7$aGeography.$2fast$0(OCoLC)fst00940469
=650  \7$aIslamic eschatology$xQurʼanic teaching.$2fast$0(OCoLC)fst01860719
=776  08$iOnline version:$aṢaffār, Ibtisām Marhūn.$tTaʻābīr al-Qurʹānīyah wa-al-bīʹah al-ʻArabīyah.$b[al-Ṭabʻah 1.].$dal-Najaf, Maṭbaʻat al-Ādāb, 1966 [i.e. 1967]$w(OCoLC)645322191
=880  1\$6100-01/(3/r$aصفار، ابتسام مرهون.
=880  12$6245-02/(3/r$aالتعابير القرانية والبية العربية :$bفي مشاهد القيامة /$cتليف ابتسام مرهون الصفار.
=880  \\$6250-03/(3/r$a[الطبعة 1.].
=880  \\$6260-04/(3/r$aالنجف،$bمطبعة الاداب،$c1966 [ا. 1967]

