=LDR  01015cam a2200265Ia 4500
=001  ocm25345460
=003  OCoLC
=005  20161010041459.0
=008  890322s1987\\\\ir\\\\\\\b\\\\000\0\arard
=040  \\$aPUL$beng$cPUL$dOSU$dOCLCQ$dOCLCF$dOCLCO$dOCLCQ
=029  1\$aGBVCP$b869855808
=035  \\$a(OCoLC)25345460
=050  \4$aBP144$b.M835 1987
=049  \\$aZYUU
=100  1\$aMūsavī Ardabīlī, ʻAbd al-Karīm.
=245  10$aFiqh al-qaḍāʼ :$byaḥtawī ʻalá buḥūth hāmmah mustaḥdathah /$cli-muʼallifihi ʻAbd al-Karīm al-Mūsawī al-Ardabīlī.
=250  \\$aal-Ṭabʻah 1.
=260  \\$aQum :$bMaktabat Amīr al-Muʼminīn,$c1408 [1987 or 1988]
=300  \\$a728 pages ;$c25 cm
=336  \\$atext$btxt$2rdacontent
=337  \\$aunmediated$bn$2rdamedia
=338  \\$avolume$bnc$2rdacarrier
=504  \\$aIncludes bibliographical references.
=650  \0$aIslamic law$xInterpretation and construction.
=650  \7$aIslamic law$xInterpretation and construction.$2fast$0(OCoLC)fst00979955

