=LDR  00786cam a2200229Ma 4500
=001  ocm29685585
=003  OCoLC
=005  20141022145147.9
=008  940106s1939\\\\iq\\\\\\\\\\\\000\0\ara\d
=040  \\$aPUL$beng$cPUL$dOCLCQ$dOCLCF$dOCLCO$dOCLCQ
=035  \\$a(OCoLC)29685585
=049  \\$aZYUU
=100  1\$aMalakī, Muḥammad Kāẓim.
=245  13$aal-Uṣūl al-ḥadīthah fī mabāḥith al-alfāẓ /$ctaʼlīf Muḥammad Kāẓim Ṣādiq al-Malakī.
=250  \\$aal-Ṭabʻah 1.
=260  \\$aNajaf :$bal-Maṭbaʻah al-ʻIlmīyah,$c1358 [1939 or 1940]
=300  \\$a220 pages ;$c24 cm
=336  \\$atext$btxt$2rdacontent
=337  \\$aunmediated$bn$2rdamedia
=338  \\$avolume$bnc$2rdacarrier
=650  \0$aIslamic law.
=650  \7$aIslamic law.$2fast$0(OCoLC)fst00979949

