=LDR  01534cam a2200313Ma 4500
=001  ocm27151804
=003  OCoLC
=005  20140607011550.0
=008  850625m19659999ir\\\\\\\b\\\\000\0\ara\d
=040  \\$aPUL$beng$cPUL$dOCL$dOCLCQ$dOCLCA$dOCLCF
=066  \\$c(3
=035  \\$a(OCoLC)27151804
=049  \\$aZYUU
=100  1\$6880-01$aṬabāṭabāʼī al-Yazdī, Ḥusayn.
=245  10$6880-02$aTafsīr Āyāt al-aḥkām :$bwafq al-madhhab al-Jaʻfarī wa-al-madhāhib al-Arbaʻah /$cbi-qalam Ḥusayn al-Ṭabāṭabāʼī al-Yazdī al-Najafī.
=260  \\$6880-03$aQum, Īrān :$bMaktabat al-Dāwudī,$c1385- [1965-]$e(al-Najaf al-Ashraf :$fMaṭbaʻat al-Najaf)
=300  \\$avolumes ;$c24 cm
=336  \\$atext$btxt$2rdacontent
=337  \\$aunmediated$bn$2rdamedia
=338  \\$avolume$bnc$2rdacarrier
=504  \\$aIncludes bibliographical references.
=630  00$aQurʼan$vCommentaries.
=650  \0$aIslamic law.
=630  07$aQurʼan.$2fast$0(OCoLC)fst01842877
=650  \7$aIslamic law.$2fast$0(OCoLC)fst00979949
=655  \7$aCommentaries.$2fast$0(OCoLC)fst01423723
=880  0\$6100-01/(3/r$aحسين الطباطبائي اليزدي النجفي.
=880  10$6245-02/(3/r$aتفسير آيات الاحكام :$bوفق المذهب الجعفري والمذاهب الاربعة /$cبقلم حسين الطباطبائي اليزدي النجفي.
=880  \\$6260-03/(3/r$aقم، ايران :$bمكتبة الداودي؛$c١٣٨٥- [١٩٦٥-]$e(النجف الاشرف :$fمطبعة النجف)

