=LDR  00777cam a2200217Ma 4500
=001  ocm81411241
=003  OCoLC
=005  20161212151508.3
=008  870921s1985\\\\ir\\\\\\\\\\\\000\0\ara\d
=040  \\$aPUL$beng$cPUL$dOCLCF$dOCLCO$dOCLCQ
=035  \\$a(OCoLC)81411241
=049  \\$aZYUU
=100  1\$aTabrīzī, Yūsuf al-Madanī.
=245  13$aal-Irshād ilá wilāyat al-faqīh /$ctaʼlīf Yūsuf al-Madanī al-Tabrīzī.
=260  \\$aQum :$bal-Maṭbaʻah al-ʻIlmīyah,$c1406 [1985]
=300  \\$a288 pages ;$c24 cm
=336  \\$atext$btxt$2rdacontent
=337  \\$aunmediated$bn$2rdamedia
=338  \\$avolume$bnc$2rdacarrier
=650  \0$aIslamic law$xInterpretation and construction.
=650  \7$aIslamic law$xInterpretation and construction.$2fast$0(OCoLC)fst00979955

