=LDR  00820cam a2200253K  4500
=001  ocm42914957
=003  OCoLC
=005  20141208081640.2
=008  991202s1950\\\\ua\a\\\\\\\\\\000\0\ara\d
=040  \\$aPUL$beng$cPUL$dOCLCQ$dOCLCF$dOCLCO$dOCLCQ
=035  \\$a(OCoLC)42914957
=043  \\$aa-su---
=049  \\$aZYUU
=100  1\$aḤabīb, Ibrāhīm Muḥammad.
=245  10$aFī al-arḍ al-muqaddasah.
=260  \\$aCairo,$bMaṭbaʻat al-ʻĀlam al-ʻĀrabī$c[1950]
=300  \\$a176 pages$b1 illustration$c20 cm
=336  \\$atext$btxt$2rdacontent
=337  \\$aunmediated$bn$2rdamedia
=338  \\$avolume$bnc$2rdacarrier
=546  \\$aIn Arabic.
=651  \0$aHejaz (Saudi Arabia)$xDescription and travel.
=650  \7$aTravel.$2fast$0(OCoLC)fst01155558
=651  \7$aSaudi Arabia$zHejaz.$2fast$0(OCoLC)fst01291494

