=LDR  01177cam a2200325Ma 4500
=001  ocm25653527
=003  OCoLC
=005  20190607205444.3
=008  880505s1986\\\\ir\\\\\\\b\\\\000\0\ara\d
=040  \\$aPUL$beng$cPUL$dOCLCQ$dOCLCF$dOCLCQ$dOCLCO$dUKMGB
=016  7\$a008645353$2Uk
=029  1\$aUKMGB$b008645353
=035  \\$a(OCoLC)25653527
=049  \\$aZYUU
=100  1\$aSubḥānī, Jaʻfar.
=245  13$aal-Badāʼ fī ḍawʼ al-Kitāb wa-al-sunnah /$ctaʼlīf Jaʻfar al-Subḥānī.
=250  \\$aal-Ṭabʻah 1.
=260  \\$aṬihrān :$bMuʻāwanīyat al-ʻAlāqāt al-Duwalīyah fī Munaẓẓamat al-Iʻlām al-Islāmī,$c1986.
=300  \\$a76 pages ;$c22 cm
=336  \\$atext$btxt$2rdacontent
=337  \\$aunmediated$bn$2rdamedia
=338  \\$avolume$bnc$2rdacarrier
=504  \\$aIncludes bibliographical references.
=650  \0$aShiites.
=650  \0$aShīʻah$vControversial literature.
=650  \0$aIslamic law.
=650  \7$aIslamic law.$2fast$0(OCoLC)fst00979949
=650  \7$aShīʻah.$2fast$0(OCoLC)fst01117946
=650  \7$aShiites.$2fast$0(OCoLC)fst01115976
=655  \7$aControversial literature.$2fast$0(OCoLC)fst01423907

