=LDR  02068cam a2200409Ma 4500
=001  ocm37482420
=003  OCoLC
=005  20190202012703.6
=008  870918m19831986ir\a\\\\\b\\\\000\0\ara\d
=040  \\$aHLS$beng$cHLS$dOCL$dOCLCG$dOCLCA$dOCLCQ$dOCLCO$dOCLCA$dOCLCF$dOCLCQ$dOCLCO$dUKMGB$dLGG
=066  \\$c(3$c(4
=016  7\$a019027739$2Uk
=029  1\$aUKMGB$b019027739
=035  \\$a(OCoLC)37482420
=050  \4$aKBP135.3$b.I267x 1983
=049  \\$aZYUU
=100  1\$6880-01$aIbn al-Shahīd al-Thānī, al-Ḥasan,$d1551 or 1552-1602 or 1603.
=245  10$6880-02$aMuntaqá al-jumān fī al-aḥādīth al-ṣiḥāḥ wa-al-ḥisān /$clil-Shaykh Jamāl al-Dīn Abī Manṣūr al-Ḥasan ibn Zayn al-Dīn al- Shahīd ; ṣaḥḥaḥahu wa-ʻallaqa ʻalayh ʻAlī Akbar al-Ghaffārī.
=250  \\$6880-03$aChāp-i 1.
=260  \\$aQum :$bJāmiʻat al-Mudarrisīn fī al-Ḥawzah al-ʻIlmīyah,$c1362-1365 [1983 or 1984-1986 or 1987]
=300  \\$a3 volumes :$billustrations ;$c25 cm
=336  \\$atext$btxt$2rdacontent
=337  \\$aunmediated$bn$2rdamedia
=338  \\$avolume$bnc$2rdacarrier
=500  \\$a"646" ; "647" ; "648"--Individual covers.
=504  \\$aIncludes bibliographical references.
=650  \0$aHadith$xAuthorities$vEarly works to 1800.
=650  \0$aShiites$vEarly works to 1800.
=650  \7$aHadith$xAuthorities.$2fast$0(OCoLC)fst00950115
=650  \7$aShiites.$2fast$0(OCoLC)fst01115976
=655  \7$aEarly works.$2fast$0(OCoLC)fst01411636
=700  1\$aGhaffārī, ʻAlī Akbar.
=752  \\$aIran$dQom.
=880  1\$6100-01$aابن الشهيد الثاني، الحسن.
=880  10$6245-02$aمنتقى الجمان فى الاحاديث الصحيحة و الحسان /$cللشيخ جمال الدين ابي منصور الحسن بن زين الدين الشهيد ؛ صححه وعلق عليه علي اكبر الغفاري.
=880  \\$6250-03$aچاپ 1.
=880  \1$6264-00$aقم :$bجامعة المدرسين في الحوزة العلمية,$c1362-1365 [1983 or 1984-1986 or 1987]

