=LDR  01012cam a2200301K  4500
=001  ocm42866599
=003  OCoLC
=005  20200313113913.5
=008  991121m19619999sy\a\\\\\\\\\\000\0\ara\d
=040  \\$aPUL$beng$cPUL$dOCLCQ$dOCLCF$dOCLCO$dOCLCQ$dOCL
=035  \\$a(OCoLC)42866599
=043  \\$aa-sy---
=049  \\$aZYUU
=100  1\$aKurbāj, Muhannā.
=245  10$aTārīkh rijālāt Jabal al-ʻArab bayna al-Māḍī wa-al-ḥāḍir.
=260  \\$aDamascus,$bMaṭbaʻat al-Iʻtidāl,$c1961-
=300  \\$avolumes$billustrations$c21 cm
=336  \\$atext$btxt$2rdacontent
=337  \\$aunmediated$bn$2rdamedia
=338  \\$avolume$bnc$2rdacarrier
=546  \\$aIn Arabic.
=650  \0$aDruzes.
=651  \0$aSyria$xHistory$yInsurrection, 1925-1927.
=650  \7$aDruzes.$2fast$0(OCoLC)fst00899110
=651  \7$aSyria.$2fast$0(OCoLC)fst01208757
=647  \7$aInsurrection$c(Syria :$d1925-1927)$2fast$0(OCoLC)fst01353321
=648  \7$a1925-1927$2fast
=655  \7$aHistory.$2fast$0(OCoLC)fst01411628

