=LDR  00701cam a2200241K  4500
=001  ocm42914995
=003  OCoLC
=005  20141208081941.0
=008  991202s1952\\\\ua\\\\\\\\\\\\000\0\ara\d
=040  \\$aPUL$beng$cPUL$dOCLCQ$dOCLCF$dOCLCO$dOCLCQ
=035  \\$a(OCoLC)42914995
=049  \\$aZYUU
=100  1\$aʻAbd al-Laṭīf, ʻAbd al-Wahhāb.
=245  13$aal-Mukhtaṣar fī ʻilm rijāl al-athar.
=250  \\$a3d ed.
=260  \\$aCairo,$bDār al-taʼlīf,$c1952.
=300  \\$a224 pages$c22 cm
=336  \\$atext$btxt$2rdacontent
=337  \\$aunmediated$bn$2rdamedia
=338  \\$avolume$bnc$2rdacarrier
=546  \\$aIn Arabic.
=650  \0$aHadith.
=650  \7$aHadith.$2fast$0(OCoLC)fst00950112

