=LDR  01279cam a2200289Ma 4500
=001  ocm35143510
=003  OCoLC
=005  20160528174104.9
=008  960717q19001996ua\\\\\\\\\\\\000\0\ara\d
=040  \\$aPUL$beng$cPUL$dOCLCG$dOCLCQ$dOCLCF$dOCLCO$dOCLCQ
=035  \\$a(OCoLC)35143510
=041  1\$aara$aeng$heng
=050  14$aBV2625$b.G347 1900z
=049  \\$aZYUU
=100  1\$aGairdner, W. H. T.$q(William Henry Temple),$d1873-1928.
=240  10$aChanges in the character of the missionary problem.$lArabic & English
=245  13$aal-Wathīqah al-Islām al-khaṭar! :$bnaṣṣ al-khiṭāb alladhī alqāhu W.H.T. Jāyirdnir fī muʼtamar Idinburah lil-tabshīr (al-tanṣīr) al-dawlī al-munʻaqid bi-al-Qāhirah ʻashīyat al-Sabt 18 Yūniyū 1910 M /$cMaḥmūd al-Shādhilī.
=260  \\$a[Cairo] :$bKitāb al-Mukhtār,$c[19--]
=300  \\$a36 pages, pages 251-264 ;$c20 cm.
=336  \\$atext$btxt$2rdacontent
=337  \\$aunmediated$bn$2rdamedia
=338  \\$avolume$bnc$2rdacarrier
=490  1\$aNaḥwa ṭalāʼiʻ Islāmīyah waʻīyah ;$v29
=546  \\$aIn Arabic and English.
=650  \0$aMissions to Muslims.
=650  \7$aMissions to Muslims.$2fast$0(OCoLC)fst01023851
=830  \0$aNaḥwa ṭalāʼiʻ Islāmīyah wāʻiyah ;$v29.

