=LDR  00762cam a2200229K  4500
=001  ocm42840641
=003  OCoLC
=005  20150213085909.7
=008  991117s191u\\\\ua\\\\\\\\\\\\000\0\ara\d
=040  \\$aPUL$beng$cPUL$dOCLCQ$dOCLCO
=035  \\$a(OCoLC)42840641
=049  \\$aZYUU
=100  1\$aAbū al-ʻAzāʼim, Muḥammad Māḍī.
=245  13$aal-Tāʼibūn.
=260  \\$a[Cairo]$bMaṭbaʻat al-Tawakkul$c[191-?]
=300  \\$a64 pages$c18 cm
=336  \\$atext$btxt$2rdacontent
=337  \\$aunmediated$bn$2rdamedia
=338  \\$avolume$bnc$2rdacarrier
=546  \\$aIn Arabic.
=650  \0$aRepentance$xIslam.
=776  08$iOnline version:$aAbū al-ʻAzāʼim, Muḥammad Māḍī.$tTāʼibūn.$d[Cairo] Maṭbaʻat al-Tawakkul [191-?]$w(OCoLC)656877200

