=LDR  01623cam a2200313Ma 4500
=001  ocm43407949
=003  OCoLC
=005  20190130235216.4
=008  860714s1937\\\\mr\acf\\\\\\\\000\0\ara\d
=040  \\$aEQO$beng$cEQO$dOCLCQ$dOCLCF$dOCLCO$dOCLCQ$dOCLCA$dOCLCQ
=035  \\$a(OCoLC)43407949
=043  \\$af-mr---
=049  \\$aZYUU
=100  1\$aOsman, Mohamed.
=245  13$aAl-jāmiʻah al-Yūsufīyah bi-Marrākush fī tusʻumiʼat sanah :$ballafahu ka-tārīkh li-nashʼat al-dirāsah fī al-Kullīyah al-Yūsufīyah mundhu ʻahdihā al-taʼsīsī wa-abrazahu ka-dhikrá tārīkhīyah li-taʼsīs ramz al-fakhāmah Marrākush al-Ḥamrāʼ /$cbi-qalam Muḥammad ʻUthmān al-Marrākushī.
=246  15$aHistoire de l'Université el Youssoufia de Marrakech
=246  14$aAwwal min al-Jāmiʻah al-Yūsufīyah bi-Marrākush
=260  \\$aal-Ribāṭ :$bal-Maṭbaʻah al-Istiṣādīyah,$c1937.
=300  \\$a285 pages, 2 unnumbered leaves of plates :$billustrations, portraits ;$c25 cm
=336  \\$atext$btxt$2rdacontent
=337  \\$aunmediated$bn$2rdamedia
=338  \\$avolume$bnc$2rdacarrier
=500  \\$aCover title: al-Awwal min al-Jāmiʻah al-Yūsufīyah bi-Marrākush fī tusʻumiʼat sanah.
=500  \\$aTitle on added t.p.: L'histoire de l'Université el-Youssoufia de Marrakech.
=610  20$aJāmiʻah al-Yūsufīyah (Marrakech, Morocco)
=650  \0$aEducation$zMorocco.
=610  27$aJāmiʻah al-Yūsufīyah (Marrakech, Morocco)$2fast$0(OCoLC)fst00786835
=650  \7$aEducation.$2fast$0(OCoLC)fst00902499
=651  \7$aMorocco.$2fast$0(OCoLC)fst01205592

