=LDR  01419cam a2200349I  4500
=001  ocm22540010
=003  OCoLC
=005  20180821072154.9
=008  901019s1969\\\\iq\\\\\\\b\\\\000\0\arar\
=010  \\$a   75255805 
=040  \\$aDLC$beng$cWAU$dWAU$dOCLCF$dOCLCQ$dOCLCO$dUUM
=029  1\$aAU@$b000028432497
=035  \\$a(OCoLC)22540010
=050  04$aDS119.7$b.H55
=049  \\$aZYUU
=100  1\$aHītī, Hādī Nuʻmān.
=245  13$aal-Iʻlām al-ʻArabī wa-al-diʻāyah al-Ṣihyūnīyah,$cbi-qalam Hādī Nuʻmān al-Hītī.
=260  \\$a[Baghdād],$b[Dār al-Jumhūrīyah],$c[1969]
=300  \\$a181 pages$c21 cm.
=336  \\$atext$btxt$2rdacontent
=337  \\$aunmediated$bn$2rdamedia
=338  \\$avolume$bnc$2rdacarrier
=490  1\$aSilsilah al-iʻlāmīyah,$v7
=500  \\$aAt head of title: Wizārat al-Thaqāfah wa-al-Iʻlām. Mudīrīyat al-Iʻlām al-ʻĀmmah.
=530  \\$aAlso issued online.
=504  \\$aIncludes bibliographical references.
=650  \0$aPropaganda, Arab.
=650  \0$aPropaganda, Israeli.
=650  \7$aPropaganda, Arab.$2fast$0(OCoLC)fst01078989
=650  \7$aPropaganda, Israeli.$2fast$0(OCoLC)fst01079031
=776  08$iOnline version:$aHītī, Hādī Nuʻmān.$tIʻlām al-ʻArabī wa-al-diʻāyah al-Ṣihyūnīyah.$d[Baghdād, Dār al-Jumhūrīyah, 1969]$w(OCoLC)551581126
=830  \0$aSilsilah al-iʻlāmīyah ;$v7.

