=LDR  00785cam a2200241Ma 4500
=001  ocm23697630
=003  OCoLC
=005  20160801060202.5
=008  880114s1982\\\\ir\\\\\\\\\\\\000\0\ara\d
=040  \\$aPUL$beng$cPUL$dOCLCQ$dOCLCF$dOCLCO$dOCLCQ$dOCL
=035  \\$a(OCoLC)23697630
=049  \\$aZYUU
=100  1\$aṢadr, Muḥammad Bāqir.
=245  10$aRisālatuna /$cMuḥammad Bāqir al-Ṣadr ; qaddama la-hu Muḥammad Ḥusayn Faḍl Allāh.
=250  \\$aal-Ṭabʻah 2.
=260  \\$aṬihrān :$bMaktabat al-Najāḥ,$c1982.
=300  \\$a143 pages ;$c24 cm
=336  \\$atext$btxt$2rdacontent
=337  \\$aunmediated$bn$2rdamedia
=338  \\$avolume$bnc$2rdacarrier
=650  \0$aIslam$y20th century.
=650  \7$aIslam.$2fast$0(OCoLC)fst00979776
=648  \7$a1900-1999$2fast

