=LDR  00681cam a2200241K  4500
=001  ocm42877240
=003  OCoLC
=005  20190505173544.8
=008  991123s1951\\\\ua\\\\\\\l\\\\000\0\ara\d
=040  \\$aPUL$beng$cPUL$dOCLCQ$dOCLCO$dOCLCA
=035  \\$a(OCoLC)42877240
=049  \\$aZYUU
=110  1\$aEgypt.
=240  10$aLaws, etc.
=245  10$aTashrīʻ al-ʻamal fi Miṣr ...
=260  \\$a[Cairo]$c1951.
=300  \\$a230 pages$c24 cm
=336  \\$atext$btxt$2rdacontent
=337  \\$aunmediated$bn$2rdamedia
=338  \\$avolume$bnc$2rdacarrier
=546  \\$aTitle-page and text in Arabic.
=500  \\$aCompiled by Muḥammad Ḥanafi.
=700  1\$aḤanafi, Muḥammad,$ecompiler.

