=LDR  01701cam a2200349Ia 4500
=001  ocm28518071
=003  OCoLC
=005  20150308204308.6
=008  930707s1989\\\\ir\\\\\\\b\\\\000\0\arard
=040  \\$aPUL$beng$cPUL$dOSU$dOCL$dOCLCG$dOCLCQ$dOCLCO$dOCLCF$dOCLCQ$dOCLCO
=066  \\$c(3
=035  \\$a(OCoLC)28518071
=050  \4$aBP193.2$b.A2 1989
=049  \\$aZYUU
=100  0\$6880-01$aʻAlī al-Hādī,$d828?-868.
=245  10$aMusnad al-Imām al-Hādī, Abī al-Ḥasan ʻAlī ibn Muḥammad /$cjamaʻahu wa-rattabahu ʻAzīz Allāh al-ʻAṭāridī.
=260  \\$6880-02$aQum :$bal-Muʼtamar al-ʻĀlamī lil-Imām al-Riḍā, ʻAlayhi al-Salām,$c1410 [1989 or 1990]
=300  \\$a400 pages ;$c25 cm
=336  \\$atext$btxt$2rdacontent
=337  \\$aunmediated$bn$2rdamedia
=338  \\$avolume$bnc$2rdacarrier
=504  \\$aIncludes bibliographical references (pages 381-384).
=650  \0$aHadith$vEarly works to 1800.
=650  \0$aHadith$xAuthorities$vEarly works to 1800.
=650  \7$aHadith.$2fast$0(OCoLC)fst00950112
=650  \7$aHadith$xAuthorities.$2fast$0(OCoLC)fst00950115
=655  \7$aEarly works.$2fast$0(OCoLC)fst01411636
=700  1\$6880-03$aʻAṭāridī al-Khabūshānī, ʻAzīz Allāh.
=880  0\$6100-01/(3/r$aعلي الهادي.
=880  10$6245-00/(3/r$aمسند الامام الهادي، ابي الحسن علي بن محمد، عليهما السلام /$cجمعه ورتبه عزيز الله العطاردي.
=880  \\$6260-02/(3/r$aقم :$bالمؤتمر العالمي للامام الرضا، عليه السلام،$c1410 [1989 or 1990]
=880  1\$6700-03/(3/r$aعطاردي الخبوشاني، عزيز الله.

