=LDR  01480cam a2200325Ma 4500
=001  ocn122704253
=003  OCoLC
=005  20161215052810.7
=008  001113m19759999ir\\\\\\\b\\\\000\0\ara\d
=040  \\$aNjP$beng$cEQO$dOCLCG$dOCLCF$dOCLCO$dOCLCQ
=066  \\$c(3$c(4
=035  \\$a(OCoLC)122704253
=049  \\$aZYUU
=100  1\$6880-01$aMīlānī, Muḥammad Hādī al-Ḥusaynī,$d1895-1975.
=245  10$6880-02$aMuḥāḍarāt fī fiqh al-imāmīyah /$cli-Muḥammad Hādī al-Mīlānī : jamaʻahā wa-ʻallaqa ʻalayhā Fāḍil al-Ḥusaynī al-Mīlānī.
=260  \\$6880-03$a[Mashhad] :$bDānishgāh-i Firdawsī,$c1396- [1975-]
=300  \\$avolumes ;$c24 cm
=336  \\$atext$btxt$2rdacontent
=337  \\$aunmediated$bn$2rdamedia
=338  \\$avolume$bnc$2rdacarrier
=504  \\$aIncludes bibliographical references.
=650  \0$aShiites.
=650  \0$aIslamic law$xInterpretation and construction.
=650  \7$aIslamic law$xInterpretation and construction.$2fast$0(OCoLC)fst00979955
=650  \7$aShiites.$2fast$0(OCoLC)fst01115976
=700  1\$6880-04$aMīlānī, Fāḍil al-Ḥusaynī.
=880  1\$6100-01/(3/r$aميلاني، محمد هادي الحسيني.
=880  10$6245-02/(3/r$aمحاضرات في فقه الإمامية /$cلمحمد هادي الميلاني.
=880  \\$6260-03/(3/r$a[مشهد] :$bدانشگاه فردوسي،$c-١٣٩٦.
=880  1\$6700-04/(3/r$aميلاني، فاضل الحسيني.

