=LDR  01112cam a2200277Ia 4500
=001  ocm23503185
=003  OCoLC
=005  20140924204641.8
=008  891012s1965\\\\iq\\\\\\\\\\\f000\0\araod
=040  \\$aEYM$beng$cEYM$dOSU$dOCLCQ$dOCLCO$dOCLCQ
=035  \\$a(OCoLC)23503185
=050  \4$aML108$b.K24 Suppl.
=049  \\$aZYUU
=100  1\$aKazim, A.
=245  13$aal-Mustadrak ʻalá kitāb al-Iṣṭilāḥāt al-mūsīqīyah /$ciʻdād Ibrāhīm al-Dāqūqī.
=246  3\$aTerminology of Oriental music, supplement
=260  \\$aBaghdād :$bWizārat al-Thaqāfah wa-al-Irshād, Mudīrīyat al-Thaqāfah al-ʻĀmmah,$c1965.
=300  \\$a105 pages ;$c24 cm.
=336  \\$atext$btxt$2rdacontent
=337  \\$aunmediated$bn$2rdamedia
=338  \\$avolume$bnc$2rdacarrier
=490  1\$aSilsilat al-kutub al-mutarjamah ;$vmulḥaq bi-raqm 1
=500  \\$aTitle on added t.p.: Terminology of Oriental music, supplement.
=700  1\$aDāqūqī, Ibrāhīm.
=700  1\$aUz, Kazım.$tTalim musiki, yahud musiki ıstılahatı.
=830  \0$aSilsilat al-kutub al-mutarjamah ;$vmulḥaq bi-raqm 1.

