=LDR  01164cam a2200241Ma 4500
=001  ocm25521407
=003  OCoLC
=005  20180329115130.7
=008  880614s1909\\\\le\\\\\\\\\\\\000\0\ara\d
=040  \\$aPUL$beng$cPUL$dOCLCQ$dOCLCO$dOCLCA$dOCLCF
=020  \\$z8800005305
=035  \\$a(OCoLC)25521407
=049  \\$aZYUU
=245  00$aManāʼir al-ṭaqsīyāt :$bwa-huwa kitāb yaḥtawī ʻalá tansīq ḥarakāt khuddām al-khūrus fī al-quddāsāt al-iḥtifālīyah wa-al-ʻādiyah wa-ṣalawāt al-khūrus wa-al-jināzāt wa-al-rutab wa-al-ʻibādāt wa-al-ṭawāfāt /$cwaḍaʻahu wa-ʻallaqa ḥawāshiyahu baʻḍ ābāʼ al-risālah al-Lubnānīyah al-Mārūnīyah.
=260  \\$a[Beirut] :$bBuṭrus Shiblī,$c1909.
=300  \\$a272 pages ;$c25 cm
=336  \\$atext$btxt$2rdacontent
=337  \\$aunmediated$bn$2rdamedia
=338  \\$avolume$bnc$2rdacarrier
=610  20$aCatholic Church.$bMaronite Patriarchate of Antioch.$bLiturgy and ritual.
=650  \0$aMass.
=650  \7$aMass.$2fast$0(OCoLC)fst01011191
=776  08$iOnline version:$tManāʼir al-ṭaqsīyāt.$d[Beirut] : Buṭrus Shiblī, 1909$w(OCoLC)780171354

