=LDR  00995cam a2200265Ia 4500
=001  ocm42043321
=003  OCoLC
=005  20150214034255.2
=008  990810s1952\\\\ua\\\\\\\\\\\\000\0\ara\d
=040  \\$aAZU$beng$cAZU$dPUL$dOCLCF$dOCLCQ$dOCLCO
=035  \\$a(OCoLC)42043321
=050  \4$aPJ7577$b.N34 1952
=049  \\$aZYUU
=100  1\$aNajm, Muḥammad Yūsuf.
=245  13$aal-Qiṣṣah fī al-adab al-ʻArabī al-ḥadīth /$cTaʼlīf Muḥammad Yūsuf Najm.
=260  \\$aal-Qāhirah :$bDār Miṣr lil-tibāʻah,$c1952.
=300  \\$a8, 295 pages ;$c25 cm.
=336  \\$atext$btxt$2rdacontent
=337  \\$aunmediated$bn$2rdamedia
=338  \\$avolume$bnc$2rdacarrier
=490  0\$aDirāsāt fī al-adab al-ʻArabī al-ḥadīth ;$v1
=505  0\$a[1] Fī Lubnān ḥattá al-ḥarb al-ʻuẓmá
=650  \0$aArabic fiction$xHistory and criticism.
=650  \7$aArabic fiction.$2fast$0(OCoLC)fst00812274
=655  \7$aCriticism, interpretation, etc.$2fast$0(OCoLC)fst01411635

