=LDR  01207cam a2200289K  4500
=001  ocm19957265
=003  OCoLC
=005  20160606132458.0
=008  890703s1904\\\\ua\ac\\\\\\\\\000\0\ara\d
=040  \\$aLPU$beng$cLPU$dTJC$dOCLCG$dOCLCQ
=035  \\$a(OCoLC)19957265
=041  1\$aara$hund
=049  \\$aZYUU
=100  0\$aHomer.
=240  10$aIliad.$lArabic
=245  10$aAl-Yazat Houmirus,$can al-franciat hikalam Sulaiman al-Bustany ... L'Iliade d'Homère, tr. en vers arabes avec une introd. historique et littéraire sur l'auteur et son oeuvre en regard de la littérature arabe et ses usages de l'Orient. Le texte est accompagné de notes suivi d'un vocabulaire par Sulaīman al-Bustany.
=246  3\$aIliade d'Homère
=246  3\$aIliade
=260  \\$aEgypt,$bal-Hilal,$c1904.
=300  \\$a1260 pages$billustrations, portraits$c27 cm
=336  \\$atext$btxt$2rdacontent
=337  \\$aunmediated$bn$2rdamedia
=338  \\$avolume$bnc$2rdacarrier
=500  \\$aTranslated title: The Iliad.
=650  \0$aArabic books.
=700  1\$aBustānī, Sulaymān Khaṭṭār,$d1856-1925.
=776  08$iOnline version:$aHomer.$sIliad. Arabic.$tAl-Yazat Houmirus.$dEgypt, al-Hilal, 1904$w(OCoLC)951219423

