=LDR  00982cam a2200241Ma 4500
=001  ocm80401574
=003  OCoLC
=005  20161210004853.2
=008  871223s1914\\\\sy\\\\\\\\\\\\000\0\ara\d
=040  \\$aPUL$beng$cPUL$dOCLCF$dOCLCO$dOCLCQ
=035  \\$a(OCoLC)80401574
=049  \\$aZYUU
=245  00$aHādhihi risālah fī al-tawḥīd wa-al-tathlīth :$bwa-hiya jawāb li-risālah jāʼatnī khuṣūṣan min nawāḥī Sūriyā mimman lam yuʻarrifnī nafsah = at Tawhïd oi-ttasliss.
=260  \\$aṢaydā :$bMatbaat al-ʻIrfān,$c1914.
=300  \\$a56 pages ;$c24 cm
=336  \\$atext$btxt$2rdacontent
=337  \\$aunmediated$bn$2rdamedia
=338  \\$avolume$bnc$2rdacarrier
=500  \\$aErrata slip inserted.
=650  \0$aTrinity.
=650  \7$aTrinity.$2fast$0(OCoLC)fst01156777
=740  0\$aTawhïd oi-ttasliss.
=776  08$iOnline version:$tHādhihi risālah fī al-tawḥīd wa-al-tathlīth.$dṢaydā : Matbaat al-ʻIrfān, 1914$w(OCoLC)656782552

