=LDR  01336cam a2200313Ma 4500
=001  ocm80227017
=003  OCoLC
=005  20170328202203.4
=008  970911s1982\\\\ir\\\\\\\b\\\\000\0\ara\d
=040  \\$aPUL$beng$cPUL$dOCLCQ$dOCLCO$dOCLCF$dOCLCQ
=035  \\$a(OCoLC)80227017
=050  \4$aBP130$b.M577 1982
=049  \\$aZYUU
=100  1\$aMīr Ṣābirī, Dāwūd.
=245  13$aal-Āyāt al-bāhirah fī baqīyat al-ʻitrah al-ṭāhirah, aw, Tafsīr āyāt al-Qurʼān fī al-Mahdī ṣāḥib al-zamān /$c[al-muʼallif Dāwūd al-Mīr Ṣābirī].
=246  30$aĀyāt al-bāhirah fī baqīyat al-ʻitrah al-ṭāhirah
=246  30$aTafsīr āyāt al-Qurʼān fī al-Mahdī ṣāḥib al-zamān
=260  \\$aṬihrān :$bQism al-Dirāsāt al-Islāmīyah, Muʼassasat al-Biʻthah,$c[1982?]
=300  \\$a496 pages ;$c22 cm
=336  \\$atext$btxt$2rdacontent
=337  \\$aunmediated$bn$2rdamedia
=338  \\$avolume$bnc$2rdacarrier
=500  \\$aIntrod. dated: 1402 [1982].
=504  \\$aIncludes bibliographical references (pages 477-491).
=630  00$aQurʼan$xCriticism, interpretation, etc.
=650  \0$aMahdi.
=630  07$aQurʼan.$2fast$0(OCoLC)fst01842877
=650  \7$aMahdi.$2fast$0(OCoLC)fst01005989
=655  \7$aCriticism, interpretation, etc.$2fast$0(OCoLC)fst01411635

