=LDR  01012cam a2200265Ma 4500
=001  ocm25400495
=003  OCoLC
=005  20150615023722.1
=008  880621s197u\\\\ir\\\\\\\\\\\\000\0\ara\d
=040  \\$aPUL$beng$cPUL$dOCL$dOCLCG$dOCLCQ$dOCLCA$dOCLCF$dOCLCQ$dOCLCO$dN15
=035  \\$a(OCoLC)25400495
=050  \4$aBP145$b.K3 1970z
=049  \\$aZYUU
=100  1\$aKarājikī, Muḥammad ibn ʻAlī,$d-1057 or 1058.
=245  10$aKanz al-fawāʼid /$cli-muʼallifihi Abī al-Fatḥ Muḥammad ibn ʻAlī al-Karājakī.
=260  \\$aQum :$bMaktabat al-Muṣṭafawī,$c[197-]
=300  \\$a382 pages ;$c25 cm
=336  \\$atext$btxt$2rdacontent
=337  \\$aunmediated$bn$2rdamedia
=338  \\$avolume$bnc$2rdacarrier
=650  \0$aIslamic law$xInterpretation and construction$vEarly works to 1800.
=650  \0$aShiites.
=650  \7$aIslamic law$xInterpretation and construction.$2fast$0(OCoLC)fst00979955
=650  \7$aShiites.$2fast$0(OCoLC)fst01115976
=655  \7$aEarly works.$2fast$0(OCoLC)fst01411636

