=LDR  01664cam a2200337Ia 4500
=001  ocm21263585
=003  OCoLC
=005  20171213184540.9
=008  900326s1982\\\\ir\\\\\\\i\\\\000\0\arard
=040  \\$aIXA$beng$cIXA$dOCL$dOCLCG$dOCLCA$dOCLCQ$dOCLCO$dOCLCA$dOCLCF$dOCLCO$dOCLCQ$dOCL
=035  \\$a(OCoLC)21263585
=050  \4$aBP194.A37$bM54 1982
=049  \\$aZYUU
=100  1\$aMīlānī, Fāḍil al-Ḥusaynī.
=245  10$aʻAlá ḍifāf al-Ghadīr :$bfihris mawḍūʻī wa-taḥlīlī li-mawsūʻat (al-Ghadīr) /$ciʻdād ʻAbd Allāh Muḥammadī, Muḥammad Bahrah Mand, Muḥammad Muḥaddith ; murājaʻat wa-tansīq Fāḍil al-Ḥusaynī al-Mīlānī.
=260  \\$aMashhad :$bDār al-Murtaḍá lil-Nashr,$c1403 [1982 or 1983]
=300  \\$a338 pages ;$c25 cm
=336  \\$atext$btxt$2rdacontent
=337  \\$aunmediated$bn$2rdamedia
=338  \\$avolume$bnc$2rdacarrier
=600  10$aAmīnī, ʻAbd al-Ḥusayn Aḥmad.$tGhadīr fī al-Kitāb wa-al-sunnah wa-al-adab$vIndexes.
=600  00$aʻAlī ibn Abī Ṭālib,$cCaliph,$dapproximately 600-661$xImamate$vIndexes.
=650  \0$aShīʻah$vIndexes.
=650  \0$aGhadīr$vIndexes.
=600  07$aʻAlī ibn Abī Ṭālib,$cCaliph,$dapproximately 600-661$2fast$0(OCoLC)fst01804105
=630  07$aGhadīr fī al-Kitāb wa-al-sunnah wa-al-adab (Amīnī, ʻAbd al-Ḥusayn Aḥmad)$2fast$0(OCoLC)fst01363242
=650  \7$aGhadīr.$2fast$0(OCoLC)fst00942311
=650  \7$aImamate.$2fast$0(OCoLC)fst00967643
=650  \7$aShīʻah.$2fast$0(OCoLC)fst01117946
=655  \7$aIndexes.$2fast$0(OCoLC)fst01423761
=700  1\$aMuḥammadī, ʻAbd Allāh.

