=LDR  00903cam a2200241Ma 4500
=001  ocm28545231
=003  OCoLC
=005  20160802161013.4
=008  930721s1909\\\\tu\\\\\\\\\\\\000\0\ara\d
=040  \\$aPUL$beng$cPUL$dOCLCQ$dOCLCF$dOCLCO$dOCLCQ$dOCL
=035  \\$a(OCoLC)28545231
=049  \\$aZYUU
=245  00$aHādhā huwa al-balāgh al-mubīn alladhī buligha min qabl al-mashyakah al-Islāmīyah ilá ḥaḍrāt al-nūwāb wa-al-qaḍāh wa-al-ʻulamāʼ al-rāsikhīn wa-al-mashāyikh al-ʻārifīn.
=260  \\$aIstānbūl :$bMaṭbaʻat Akhwat,$c1327 [1909 or 1910]
=300  \\$a13 pages ;$c24 cm
=336  \\$atext$btxt$2rdacontent
=337  \\$aunmediated$bn$2rdamedia
=338  \\$avolume$bnc$2rdacarrier
=500  \\$aCover title.
=500  \\$aErrata slip inserted.
=650  \0$aIslam$y20th century.
=650  \7$aIslam.$2fast$0(OCoLC)fst00979776
=648  \7$a1900-1999$2fast

