=LDR  00861cam a2200205Ma 4500
=001  ocm49373081
=003  OCoLC
=005  20181102173805.2
=008  010322s1900\\\\ua\\\\\\\\\\\\000\0\ara\d
=040  \\$aPUL$beng$cPUL$dOCLCQ$dOCLCO$dOCLCA$dOCLCQ$dOCLCA
=035  \\$a(OCoLC)49373081
=049  \\$aZYUU
=130  0\$aQurʼan.
=245  10$aInnahu li-Qurʼān karīm fī kitāb maknūn lā yamassahu illā al-muṭahhirūn tanzīl min ...
=260  \\$aMiṣr :$bal-Maṭbaʻah al-ʻĀmirīyah,$c1318 [1900]
=300  \\$a364 pages ;$c20 cm
=336  \\$atext$btxt$2rdacontent
=337  \\$aunmediated$bn$2rdamedia
=338  \\$avolume$bnc$2rdacarrier
=776  08$iOnline version:$aKoran.$tInnahu li-Qurʼān karīm fī kitāb maknūn lā yamassahu illā al-muṭahhirūn tanzīl min .$dMiṣr : al-Maṭbaʻah al-ʻĀmirīyah, 1318 [1900]$w(OCoLC)657127391

