=LDR  01034cam a2200289Ma 4500
=001  ocm33995227
=003  OCoLC
=005  20190829002251.1
=008  841028s1942\\\\mr\ab\\\\\\\\\000\0\arard
=040  \\$aHLS$beng$cHLS$dOCLCF$dOCLCQ$dOCLCO$dOCL
=035  \\$a(OCoLC)33995227
=043  \\$aff-----
=049  \\$aZYUU
=100  1\$aGannūn, ʻAbd Allāh,$d1908-
=245  10$aUmarāʼunā al-shuʻarāʼ /$ctaʼlīf ʻAbd Allāh Kannūn.
=260  \\$aTiṭwān, al-Maghrib :$bal-Maṭbaʻah al-Mahdīyah,$c[1942?]
=300  \\$a68 pages ;$c21 cm
=336  \\$atext$btxt$2rdacontent
=337  \\$aunmediated$bn$2rdamedia
=338  \\$avolume$bnc$2rdacarrier
=500  \\$aTitle page dated: 1958.
=650  \0$aArabic poetry$zAfrica, North$xHistory and criticism.
=651  \0$aAfrica, North$xHistory.
=650  \7$aArabic poetry.$2fast$0(OCoLC)fst00812533
=651  \7$aNorth Africa.$2fast$0(OCoLC)fst01239515
=655  \7$aCriticism, interpretation, etc.$2fast$0(OCoLC)fst01411635
=655  \7$aHistory.$2fast$0(OCoLC)fst01411628

