=LDR  02560cam a2200361Ma 4500
=001  ocm84492565
=003  OCoLC
=005  20200108203858.8
=008  000203s1891\\\\mr\\\\\\\\\\\\000\0\ara\d
=040  \\$aPUL$beng$cPUL$dOCLCQ$dOCLCO$dOCLCQ$dOCLCF$dPAU$dOCLCQ
=035  \\$a(OCoLC)84492565
=050  \4$aPJ6101.I23$bM35535 1891
=049  \\$aZYUU
=100  1\$aIbn al-Ḥājj, Aḥmad ibn Muḥammad.
=240  10$aFatḥ al-wadūdī ʻalá sharḥ al-Makkūdī li-Alfīyat Ibn Mālik
=245  10$aḤāshiyat al-faqīh al-ʻālim al-ʻallāmah al-amjad al-muḥaqqiq ... Abī al-ʻAbbās Sayyidī Aḥmad ibn Muḥammad ibn Ḥamdūn ibn al-Ḥājj ʻalá Sharḥ al-Imām al-ʻārif billāh al-ʻallāmah al-muḥaqqiq Abī Zayd Sayyidī ʻAbd al-Raḥmān al-Makkūdī.
=246  1\$iTitle on v. 2, title page:$aJuzʼ al-thānī min Ḥāshiyat al-ʻārif al-muḥaqqiq al-mushārī Sayyidī Aḥmad ibn al-Ḥājj ʻalá Sharḥ al-Imām al-shahīr bi-al-Sayyidī ʻAbd al-Raḥmān al-Makkūdī
=260  \\$a[Morocco] :$b[publisher not identified],$c1308 [1891]
=300  \\$a2 volumes ;$c23 cm
=336  \\$atext$btxt$2rdacontent
=337  \\$aunmediated$bn$2rdamedia
=338  \\$avolume$bnc$2rdacarrier
=500  \\$a"Al-Ḥāshiyah bi-al-aṣl wa-al-sharḥ bi-al-hāmish."
=600  10$aMakkūdī, ʻAbd al-Raḥmān ibn ʻAlī,$d-1404 or 1405.$tSharḥ al-Makkūdī ʻalá Alfīyat Ibn Mālik.
=600  10$aIbn Mālik, Muḥammad ibn ʻAbd Allāh,$d-1274.$tAlfīyah.
=650  \0$aArabic language$xGrammar$vEarly works to 1800.
=630  07$aAlfīyah (Ibn Mālik, Muḥammad ibn ʻAbd Allāh)$2fast$0(OCoLC)fst01360506
=650  \7$aArabic language$xGrammar.$2fast$0(OCoLC)fst00812341
=655  \7$aEarly works.$2fast$0(OCoLC)fst01411636
=655  \7$aLithographs$zMorocco$y1891.$2gmgpc
=700  12$aMakkūdī, ʻAbd al-Raḥmān ibn ʻAlī,$d-1404 or 1405.$tSharḥ al-Makkūdī ʻalá Alfīyat Ibn Mālik.
=740  0\$aSharḥ al-Makkūdī ʻalá Alfīyat Ibn Mālik.
=776  08$iOnline version:$aIbn al-Ḥājj, Aḥmad ibn Muḥammad.$sFatḥ al-wadūdī ʻalá sharḥ al-Makkūdī li-Alfīyat Ibn Mālik.$tḤāshiyat al-faqīh al-ʻālim al-ʻallāmah al-amjad al-muḥaqqiq ... Abī al-ʻAbbās Sayyidī Aḥmad ibn Muḥammad ibn Ḥamdūn ibn al-Ḥājj ʻalá Sharḥ al-Imām al-ʻārif billāh al-ʻallāmah al-muḥaqqiq Abī Zayd Sayyidī ʻAbd al-Raḥmān al-Makkūdī.$d[Morocco : s.n.], 1308 [1891]$w(OCoLC)657043936

