=LDR  00857cam a2200229Ma 4500
=001  ocm26601077
=003  OCoLC
=005  20141008000818.7
=008  890323m19829999ir\\\\\\\b\\\\000\0\ara\d
=040  \\$aPUL$beng$cPUL$dOCLCQ$dOCLCF$dOCLCO$dOCLCQ
=035  \\$a(OCoLC)26601077
=049  \\$aZYUU
=100  1\$aRaḍawī, Muḥammad al-Raḍī.
=245  13$aal-Islām wa-ḥuqūq al-insān /$cMuḥammad al-Raḍī al-Raḍawī.
=260  \\$aṬihrān :$bYuṭlabu hādhā al-kitāb min Maktabat al-Najāḥ,$c1403- [1982 or 1983-]
=300  \\$avolumes ;$c24 cm
=336  \\$atext$btxt$2rdacontent
=337  \\$aunmediated$bn$2rdamedia
=338  \\$avolume$bnc$2rdacarrier
=504  \\$aIncludes bibliographical references.
=650  \0$aHuman rights$xReligious aspects$xIslam.
=650  \7$aHuman rights$xReligious aspects$xIslam.$2fast$0(OCoLC)fst00963323

