=LDR  01918cam a2200373Ia 4500
=001  ocm09472136
=003  OCoLC
=005  20180324171706.8
=008  830503s1947\\\\ua\\\\\\\b\\\\001\0\ara\d
=040  \\$aIXA$beng$cIXA$dOCLCQ$dMEAUC$dCUY$dOCLCQ$dOCLCF
=066  \\$c(3
=035  \\$a(OCoLC)9472136
=050  \4$aDT173.U23$bH37 1947
=049  \\$aZYUU
=100  1\$6880-01$aḤasan, Ḥasan Ibrāhīm.
=245  10$6880-02$aʻUbayd Allāh al-Mahdī :$bImām al-Shīʻah al-Ismāʻīlīyah wa-muʼassis al-dawlah al-Fāṭimīyah fī bilād al-Maghrib /$cTaʼlīf Ḥasan Ibrāhīm Ḥasan, Ṭāhā Aḥmad Sharaf.
=246  3\$aMahdi Ubayʼd-Ullah
=260  \\$6880-03$aal-Qahirah :$bMaktabat al-Nahḍah al-Miṣrīyah,$c1947.
=300  \\$a367 pages ;$c24 cm
=336  \\$atext$btxt$2rdacontent
=337  \\$aunmediated$bn$2rdamedia
=338  \\$avolume$bnc$2rdacarrier
=500  \\$aAdded cover title: The Mahdi Ubayʼd-Ullah.
=504  \\$aIncludes bibliographical references (pages 343-349) and index.
=600  00$6880-04$aʻUbayd Allāh al-Mahdī,$cCaliph,$d-934.
=650  \0$aFatimites.
=650  \7$aFatimites.$2fast$0(OCoLC)fst00921954
=700  1\$6880-05$aSharaf, Ṭāhā Aḥmad.
=776  08$iOnline version:$aḤasan, Ḥasan Ibrāhīm.$tʻUbayd Allāh al-Mahdī.$dal-Qahirah : Maktabat al-Nahḍah al-Miṣrīyah, 1947$w(OCoLC)645196386
=880  1\$6100-01/(3/r$aحسن، حسن إبراهيم.
=880  10$6245-02/(3/r$aعبيد الله المهدي :$bامام الشيعة الإسماعيلية ومؤسس الدولة الفاطمية في بلاد المغرب /$cتأليف حسن إبراهيم حسن، طه أحمد شرف.
=880  \\$6260-03/(3/r$aالقاهرة :$bمكتبة النهضة المصرية،$c1947.
=880  04$6600-04/(3/r$aعبيد الله المهدي،$cCaliph, ،,$dت.934.
=880  1\$6700-05/(3/r$aشرف، طه أحمد.

