=LDR  01014cam a2200229Ma 4500
=001  ocm74218991
=003  OCoLC
=005  20140626150613.4
=008  940201s1900\\\\ti\\\\\\\\\\\\000\0\ara\d
=040  \\$aPUL$beng$cPUL$dOCLCQ$dOCLCO$dOCLCF
=035  \\$a(OCoLC)74218991
=049  \\$aZYUU
=100  0\$aAbū al-Saʻūd Muḥammad ibn Muḥammad,$d1492 or 1493-1574 or 1575.
=245  10$aRisālah fī al-riyāʼ wa-al-istikhfāf bi-al-dīn wa-al-jahr bi-al-dhikr wa-al-laḥn /$cli-Abī al-Saʻūd al-ʻImādī.
=260  \\$a[Tunisia] :$bal-Najāḥ,$c[19--?]
=300  \\$a8 pages ;$c23 cm
=336  \\$atext$btxt$2rdacontent
=337  \\$aunmediated$bn$2rdamedia
=338  \\$avolume$bnc$2rdacarrier
=650  \0$aIslam.
=650  \7$aIslam.$2fast$0(OCoLC)fst00979776
=776  08$iOnline version:$aAbū al-Saʻūd, Muḥammad ibn Muḥammad, 1492 or 3-1574 or 5.$tRisālah fī al-riyāʼ wa-al-istikhfāf bi-al-dīn wa-al-jahr bi-al-dhikr wa-al-laḥn.$d[Tunisia] : al-Najāḥ, [19--?]$w(OCoLC)780174189

