=LDR  00963cam a2200253K  4500
=001  ocm42824671
=003  OCoLC
=005  20141206152604.0
=008  991115m18861889ua\a\\\\\\\\\\000\0\ara\d
=040  \\$aPUL$beng$cPUL$dOCLCQ
=035  \\$a(OCoLC)42824671
=041  1\$aara$htur
=049  \\$aZYUU
=100  1\$aAḥmed Mukhtār pāshā, Ghāzī,$d1832-1919.
=245  10$aRiyāḍ al-Mukhtār;$bmirʼāt al-mīqāt w-al-adwār ...
=260  \\$aBūlāq,$c1303-06 [1886-89]
=300  \\$a374 pages and atlas of diagrams$c33 cm
=336  \\$atext$btxt$2rdacontent
=337  \\$aunmediated$bn$2rdamedia
=338  \\$avolume$bnc$2rdacarrier
=546  \\$aTitle-pages and text in Arabic.
=500  \\$aTranslated from the Turkish by Shafīq Manṣūr (Yegen).
=700  0\$aShafīq Manṣūr,$etranslator.
=776  08$iOnline version:$aAḥmed Mukhtār pāshā, Ghāzī, 1832-1919.$tRiyāḍ al-Mukhtār.$dBūlāq, 1303-06 [1886-89]$w(OCoLC)656924456

