=LDR  00678cam a2200229K  4500
=001  ocm42857745
=003  OCoLC
=005  20141208040229.1
=008  991119s1953\\\\sy\\\\\\\\\\\\000\0\ara\d
=040  \\$aPUL$beng$cPUL$dOCL$dOCLCQ$dOCLCF$dOCLCO$dOCLCQ
=035  \\$a(OCoLC)42857745
=049  \\$aZYUU
=100  1\$aal-Daqir, ʻAbd al-Ghanī.
=245  10$aMuḥāḍarāt fī al-dīn wa-al-taʼrīkh wa-al-ijtimāʻ.
=260  \\$a[Damascus?]$c[1953]
=300  \\$a230 pages$c23 cm
=336  \\$atext$btxt$2rdacontent
=337  \\$aunmediated$bn$2rdamedia
=338  \\$avolume$bnc$2rdacarrier
=546  \\$aIn Arabic.
=650  \0$aIslam.
=650  \7$aIslam.$2fast$0(OCoLC)fst00979776

