=LDR  00989cam a2200253Ma 4500
=001  ocn175697038
=003  OCoLC
=005  20150618191419.9
=008  940131s1927\\\\ua\\\\\\\\\\\\000\0\ara\d
=040  \\$aPUL$beng$cPUL$dOCLCF$dOCLCO$dOCLCQ$dOCLCO
=035  \\$a(OCoLC)175697038
=049  \\$aZYUU
=100  1\$aIbn ʻUmrān, ʻUmrān ibn Aḥmad.
=240  10$aNūr al-bayān fī al-kashf ʻan bidaʻ ākhir al-zamān
=245  10$aKitāb Nūr al-bayān fī al-kashf ʻan bidaʻ ākhir al-zamān /$ctaʼlīf ʻUmrān ibn Aḥmad ibn ʻUmrān.
=246  3\$aNūr al-bayān fī al-kashf ʻan bidaʻ ākhir al-zamān
=260  \\$aMiṣr :$bMaṭbaʻat al-Maʻāhid,$c1347 [1927 or 1928]
=300  \\$a157 pages ;$c24 cm
=336  \\$atext$btxt$2rdacontent
=337  \\$aunmediated$bn$2rdamedia
=338  \\$avolume$bnc$2rdacarrier
=650  \0$aTaqlīd$vEarly works to 1800.
=650  \7$aTaqlīd.$2fast$0(OCoLC)fst01143038
=655  \7$aEarly works.$2fast$0(OCoLC)fst01411636

