=LDR  01267cam a2200277Ma 4500
=001  ocm31859140
=003  OCoLC
=005  20141030182430.1
=008  950106s1894\\\\ua\a\\\\\\\\\\000\0\ara\d
=040  \\$aPUL$beng$cPUL$dOCLCQ$dOCLCF$dOCLCO$dOCLCQ
=035  \\$a(OCoLC)31859140
=049  \\$aZYUU
=100  1\$aʻAbd al-ʻAzīz, Aḥmad.
=240  10$aMukhtaṣar al-mufīd fī al-ashyāʼ wa-al-mawālīd
=245  10$aKitāb al-Mukhtaṣar al-mufīd fī al-ashyāʼ wa-al-mawālīd /$ctaʼlīf Aḥmad ʻAbd al-ʻAzīz, Ibrāhīm Mājid.
=246  3\$aMukhtaṣar al-mufīd fī al-ashyāʼ wa-al-mawālīd
=250  \\$aal-Ṭabʻah 1.
=260  \\$aBūlāq :$bal-Maṭbaʻah al-Amīrīyah,$c1894.
=300  \\$a152, 8 pages :$billustrations ;$c18 cm
=336  \\$atext$btxt$2rdacontent
=337  \\$aunmediated$bn$2rdamedia
=338  \\$avolume$bnc$2rdacarrier
=650  \0$aScience.
=650  \7$aScience.$2fast$0(OCoLC)fst01108176
=700  1\$aMājid, Ibrāhīm.
=776  08$iOnline version:$aʻAbd al-ʻAzīz, Aḥmad.$sMukhtaṣar al-mufīd fī al-ashyāʼ wa-al-mawālīd.$tKitāb al-Mukhtaṣar al-mufīd fī al-ashyāʼ wa-al-mawālīd.$bal-Ṭabʻah 1.$dBūlāq : al-Maṭbaʻah al-Amīrīyah, 1894$w(OCoLC)656794661

