=LDR  01116cam a2200253Ma 4500
=001  ocm23696582
=003  OCoLC
=005  20140925144607.6
=008  910117s1929\\\\iq\\\\\\\\\\\\000\0\ara\d
=040  \\$aPUL$beng$cPUL$dOCLCQ$dOCLCF$dOCLCO$dOCLCQ
=035  \\$a(OCoLC)23696582
=049  \\$aZYUU
=100  1\$aĀl Zāʼirdahām, Muḥammad Bāqir ibn Muḥammad.
=240  10$aLuʼluʼah al-bahīyah fī al-ṣifāt al-ilāhīyah
=245  10$aKitāb al-luʼluʼah al-bayīyah fī al-ṣifāt al-ilāhīyah /$cmin taṣānīf Muḥammad Bāqir ... Muḥammad Āl Zāʼirdahām ; wa-bi-hāmishihi baʻḍ al-taʻlīq la-hu ʻAbbūd al-Shaykh Jāsim.
=246  3\$aLuʼluʼah al-bahīyah fī al-ṣifāt al-ilāhīyah
=260  \\$aal-ʻImārah [Iraq] :$bal-Maṭbaʻah al-ʻImārīyah,$c1348 [1929 or 1930]
=300  \\$a79 pages ;$c22 cm
=336  \\$atext$btxt$2rdacontent
=337  \\$aunmediated$bn$2rdamedia
=338  \\$avolume$bnc$2rdacarrier
=650  \0$aGod (Islam)$xAttributes.
=650  \7$aGod (Islam)$xAttributes.$2fast$0(OCoLC)fst00944143
=700  1\$aShaykh Jāsim, ʻAbbūd.

