=LDR  01247cam a2200313Ma 4500
=001  ocm26824493
=003  OCoLC
=005  20141013215651.5
=008  890131m19889999ir\\\\\\\b\\\\000\0\ara\d
=040  \\$aPUL$beng$cPUL$dOCLCQ$dOCLCF$dOCLCO$dOCLCQ
=035  \\$a(OCoLC)26824493
=049  \\$aZYUU
=100  1\$aSubḥānī, Jaʻfar.
=245  10$aAbḥāth fī al-milal wa-al-niḥal /$cJaʻfar al-Subḥānī.
=246  3\$aBuḥūth fī al-milal wa-al-niḥal
=250  \\$aal-Ṭabʻah 2., maʻa iḍāfāt hāmmah.
=260  \\$aQum :$bMarkaz-i Mudīrīyat-i Ḥawzah-i ʻIlmīyah-i Qum,$c1408- [1988-]
=300  \\$avolumes ;$c22 cm.
=336  \\$atext$btxt$2rdacontent
=337  \\$aunmediated$bn$2rdamedia
=338  \\$avolume$bnc$2rdacarrier
=490  1\$aMarkaz-i Mudīrīyat-i Ḥawzah-i ʻIlmīyah-i Qum ;$v17-18
=500  \\$aTitle page partially vocalized.
=500  \\$aVol. 2-4 have edition statement: al-Ṭabʻah 1.
=500  \\$aVol. 3-4 have title: Buḥūth fī al-milal wa-al-niḥal.
=504  \\$aIncludes bibliographical references.
=650  \0$aIslamic sects.
=650  \7$aIslamic sects.$2fast$0(OCoLC)fst00980055
=830  \0$aMarkaz-i Mudīrīyat-i Ḥawzah-ʼi ʻIlmīyah-i Qum (Series) ;$v17-18.

